2880 5182
635 809 826 869 ..9-

271 996 320 1055 Ibi
341 996 411 1055 iude
432 1014 450 1054 a
470 1012 560 1055 versu
581 999 599 1055 7
619 995 694 1053 haec
712 994 894 1070 reperimus:

236 1125 335 1192 „Hunc
353 1123 418 1178 mihi
435 1127 474 1191 tu,
494 1122 636 1190 ansar,
655 1124 794 1193 patriae
812 1123 1037 1193 princepsque
1055 1126 1224 1192 paterque,

235 1209 287 1276 Qui
305 1210 379 1278 regis
398 1227 438 1264 au
445 1210 561 1280 gustis
579 1212 723 1280 parentem
742 1209 849 1277 legibus
867 1210 962 1262 orbem

236 1295 461 1365 Concessumque
479 1296 575 1365 patri
595 1295 724 1349 muudum
744 1296 828 1348 deus
846 1295 921 1365 ipse
939 1294 1059 1362 mereris,

235 1383 294 1436 Das
315 1383 436 1435 animum
453 1382 580 1451 viresque
599 1381 667 1435 facis
688 1381 723 1434 ad
742 1383 823 1434 tanta
842 1379 993 1435 cauenda“.

273 1509 325 1569 Sic
350 1509 480 1569 Manilio
512 1529 587 1585 eum,
616 1510 654 1569 ad
682 1528 770 1585 quem
796 1528 915 1569 carmen
943 1528 1029 1568 suum
1054 1510 1200 1570 missurus
1227 1516 1282 1586 est,

157 1613 376 1690 „compellante
411 1612 500 1672 facile
532 1613 657 1689 accidit,
688 1617 723 1672 ut
752 1631 819 1673 cum
848 1631 938 1672 voces
971 1613 1110 1673 Caesaris
1145 1613 1282 1690 Augusti

176 1717 215 1775 ad
235 1733 322 1775 aures
344 1721 410 1774 tuas
430 1717 622 1792 pervenient,
650 1715 852 1777 Octavianum
873 1735 1039 1794 agnoscere
1061 1717 1119 1776 tibi
1140 1717 1282 1793 videaris,

176 1820 260 1878 cuius
292 1819 442 1896 principis
476 1821 550 1879 olim
583 1821 652 1879 aliis
683 1827 714 1880 et
744 1822 821 1898 ipsis
851 1821 883 1879 iu
914 1828 1043 1881 mentem
1072 1820 1192 1880 venisse
1222 1821 1282 1880 iam

176 1940 267 1998 supra
286 1922 501 1982 demonstravi.

268 2027 414 2085 Attamen
435 2025 525 2085 modo
547 2026 640 2103 paulo
663 2028 776 2087 maiore
791 2027 954 2103 diligentia
970 2027 1002 2084 in
1016 2028 1109 2086 talem
1121 2027 1282 2086 allocutio-

174 2147 241 2187 nem
263 2129 467 2205 iuquieiveris,
493 2129 617 2188 difficile
639 2149 701 2189 non
723 2131 782 2189 erit
802 2131 981 2207 intellegere
1004 2131 1080 2189 nihil
1101 2148 1227 2207 prorsus
1249 2131 1282 2189 iu

174 2251 209 2290 ea
239 2233 347 2306 inesse,
378 2233 458 2292 unde
485 2232 647 2292 Octaviani
674 2235 795 2308 quidem
821 2234 1005 2292 mentionem
1031 2234 1097 2293 fieri
1123 2239 1280 2310 appareat.

175 2335 328 2408 Quoniam
348 2335 380 2410 ii,
402 2337 454 2410 qui
475 2335 546 2394 huic
566 2341 635 2394 aute
654 2336 845 2395 Hadrianum
867 2337 898 2394 in
920 2337 1048 2413 imperio
1064 2344 1281 2406 successerant,

174 2440 297 2496 uomina
318 2439 373 2496 illa
394 2439 453 2497 sibi
474 2439 677 2515 vindicavere,
703 2441 811 2499 horum
830 2441 910 2499 ratio
933 2440 958 2498 si
981 2440 1046 2498 sola
1066 2439 1205 2499 habenda
1225 2445 1281 2515 est,

173 2559 365 2616 nequaquam
396 2559 433 2600 ex
463 2541 623 2600 duodecim
653 2543 846 2619 principibus
873 2544 1000 2602 cuilibet
1026 2544 1150 2618 patroni
1177 2551 1280 2620 partes

173 2647 245 2705 dare
259 2645 469 2722 prohibemur.
483 2679 519 2687 -
530 2645 639 2720 Neque
654 2665 725 2705 vero
742 2666 776 2705 ea
791 2647 822 2703 iu
837 2665 868 2705 re
891 2648 971 2705 ultra
985 2645 1137 2704 Hadriani
1152 2650 1281 2706 aetatem

173 2748 320 2825 progredi
350 2749 432 2822 licet,
464 2748 535 2822 quia
564 2749 622 2808 hoc
653 2755 777 2810 auctore
804 2752 952 2810 sancitum
978 2765 1033 2825 est,
1064 2757 1098 2808 ut
1132 2751 1191 2808 iam
1218 2760 1280 2810 n'ou

174 2854 317 2928 princeps
339 2853 415 2927 ipse,
443 2853 491 2910 cui
513 2852 595 2910 orbis
616 2857 765 2912 terrarum
785 2859 917 2928 pareret,
939 2853 991 2912 sed
1013 2854 1077 2911 eius
1098 2854 1185 2912 heres
1206 2854 1280 2930 legi-

174 2956 265 3014 timus
288 2954 427 3014 Caesaris
448 2957 628 3030 cognomine
649 2957 866 3033 appellaretur.
904 2956 972 3029 Quo
994 2957 1075 3015 facto
1098 2957 1144 3015 ine
1161 2957 1281 3032 quidem

176 3059 331 3134 publicum
347 3059 467 3135 imperii
480 3058 613 3117 Romani
628 3061 782 3118 convincit
792 3060 954 3119 Manilium
969 3061 1028 3119 iam
1042 3061 1140 3136 primo
1157 3064 1280 3119 nostrae
1322 3077 1323 3080 ’

176 3179 263 3220 aerae
296 3163 416 3221 saeculo
447 3163 570 3221 vixisse.
613 3160 691 3220 Sunt
722 3163 817 3238 igitur
843 3163 875 3220 in
903 3182 1012 3240 magno
1040 3181 1141 3222 errore
1169 3164 1281 3222 versati

175 3263 338 3324 Gevartius
365 3267 489 3340 eiusque
517 3266 639 3340 similes,
668 3284 734 3324 cum
760 3267 836 3325 miro
866 3266 996 3340 quodam
1016 3265 1138 3325 dicendi
1159 3284 1280 3342 genere,

175 3385 234 3442 quo
261 3369 293 3426 in
319 3371 450 3428 carmine
477 3391 548 3431 usus
576 3377 664 3445 esset,
692 3370 811 3428 inducti
836 3373 959 3446 poetam
983 3369 1151 3428 Theodosii
1171 3370 1294 3446 Magni

173 3476 273 3530 aetate
300 3472 494 3534 Theodorum
519 3476 670 3533 Manlium
703 3475 857 3531 consulem
883 3472 977 3531 fuisse
1004 3472 1162 3531 sentirent.
1204 3472 1279 3532 Tale

174 3574 248 3648 quid
271 3592 308 3633 ue
333 3575 480 3649 diviuitas
507 3578 627 3652 quidem
652 3577 802 3654 principis
825 3577 950 3635 laudata
971 3576 1188 3652 impedimento
1210 3575 1279 3650 fnit,

173 3695 210 3735 ue
227 3678 443 3754 opinarenturi
465 3714 501 3722 -
522 3681 567 3740 At
580 3682 673 3740 etiam
686 3683 776 3758 plura
789 3681 820 3736 iu
835 3679 1004 3756 prooemio,
1025 3678 1063 3737 de
1079 3695 1137 3753 quo
1154 3679 1281 3754 agimus,

174 3783 268 3840 verba
293 3782 443 3841 habentur
470 3801 525 3841 noc
551 3803 586 3842 ea
611 3786 707 3861 magis
735 3784 886 3860 ambigua,
913 3801 1002 3857 quam
1022 3781 1101 3839 unde
1125 3782 1197 3856 quid
1219 3799 1279 3840 am·

172 3884 254 3958 plius
276 3887 314 3944 ad
336 3887 569 3947 constituendos
582 3893 692 3964 poetae
707 3905 804 3946 annos
819 3886 976 3945 redundet.
1012 3885 1164 3958 Quoniam
1180 3891 1280 3944 autem

172 3989 264 4046 ceteri
296 3989 356 4048 loci
391 3990 435 4049 ita
461 3991 629 4066 comparati
654 3991 805 4065 videntur,
836 3995 871 4049 ut
895 3989 1070 4047 hominibus
1096 3988 1195 4047 doctis
1221 3988 1280 4046 iam

172 4090 231 4149 hoc
256 4109 347 4150 unum
373 4093 464 4151 liceat
489 4093 669 4169 disceptare,
690 4094 734 4152 ‘ad
764 4093 965 4152 Octavianum
992 4110 1030 4149 an
1056 4091 1095 4150 ad
1121 4090 1280 4150 Tiberium

171 4200 264 4269 poeta
289 4212 320 4253 se
346 4200 514 4270 convertat,
544 4230 582 4239 -
607 4199 771 4274 apparebit
797 4203 897 4255 autem
924 4196 1004 4254 infra
1029 4195 1088 4254 hoc
1113 4194 1279 4254 rectissime

171 4297 280 4372 agi-
306 4315 362 4355 nos
390 4298 510 4372 quidem
536 4318 572 4357 ue
598 4301 712 4359 frustra
738 4306 856 4375 tempus
879 4317 1039 4376 operumve
1060 4315 1279 4372 consumamus,

172 4400 275 4458 statim
301 4400 383 4459 istud
409 4403 569 4476 anquirere
598 4404 630 4460 in
655 4404 710 4462 illa
736 4404 934 4462 contentione
961 4402 1114 4474 debemuS,
1147 4406 1216 4458 utro
1242 4400 1279 4459 de

170 4503 310 4581 principe
341 4504 521 4583 appellatio,
554 4524 630 4584 quae
658 4512 758 4567 exstat
784 4508 816 4568 in
842 4504 983 4569 carminis
1010 4503 1146 4579 exordio,
1177 4503 1279 4583 aptius

170 4606 347 4687 accipiatur.
