2880 5182
133 412 135 425 Ι
254 370 256 379 ’
316 390 325 409 r

620 784 744 844 ..43
804 816 829 825 ...

168 989 196 1028 a.
217 969 257 1028 U.
286 971 350 1030 715.
377 1002 412 1012 -
439 968 532 1028 Acie
558 988 619 1028 vox
644 969 726 1028 bella
746 967 848 1026 civilia
869 966 1041 1043 siguificat,
1056 985 1132 1042 quae
1152 968 1272 1026 theatro

170 1075 247 1132 nihil
278 1075 456 1147 obfuerunt3
487 1074 579 1132 etiam
608 1073 734 1132 flammis
765 1089 826 1129 non
857 1072 948 1130 semel
978 1072 1170 1147 absumptum
1199 1071 1274 1130 est.“

168 1177 294 1236 Addere
315 1182 439 1253 poterat
453 1176 599 1250 lacobus,
620 1174 761 1235 Suetonii
783 1175 863 1253 (Tib.
885 1192 909 1233 c.
931 1175 982 1250 47)
1003 1175 1096 1233 verba
1116 1180 1150 1232 ut
1170 1173 1274 1247 aliqua
1368 1224 1370 1231 .

167 1287 255 1358 parte
286 1281 519 1355 constringeret,
550 1297 587 1337 ex
612 1279 787 1337 Annalibus
820 1277 890 1353 (VI,
921 1276 981 1352 45),
1010 1278 1063 1336 ubi
1093 1277 1130 1335 dc
1156 1276 1273 1336 Tiberii

167 1383 355 1459 parsimonia
384 1385 497 1441 mentio
529 1387 587 1442 cst:
619 1382 686 1457 „Nc
710 1383 834 1457 publice
862 1381 981 1456 quidem
1007 1381 1066 1438 nisi
1093 1381 1153 1440 duo
1180 1399 1274 1457 opera

168 1487 296 1544 struxit:
316 1487 461 1561 templum
481 1487 623 1562 Augusto
645 1491 676 1543 et
697 1503 815 1544 scenam
833 1485 1015 1561 Pompeiani
1035 1485 1157 1560 theatri,
1178 1502 1273 1560 eaque
1327 1489 1329 1494 ’

166 1591 338 1667 perfecta
364 1592 540 1665 contemptu
561 1589 738 1647 ambitionis
759 1608 798 1647 an
818 1607 873 1665 per
894 1592 1078 1648 senectutem
1098 1589 1194 1647 haud
1214 1589 1273 1647 de·

168 1695 339 1753 dicavit.“
386 1693 470 1766 Quae
496 1711 589 1768 opera
616 1711 675 1768 qno
703 1711 781 1751 anno
807 1692 942 1768 perfecta
967 1696 1068 1751 essent
1095 1709 1273 1766 quamquam

174 1797 297 1856 Tacitus
319 1814 442 1855 narrare
463 1798 578 1855 oblitus
599 1799 654 1866 est,
673 1777 851 1855 tamennon
867 1796 963 1855 solum
978 1795 1019 1869 id,
1041 1796 1121 1870 quod
1137 1795 1273 1855 Jacobus

170 1901 369 1961 monumentis
400 1900 596 1977 Pompeianis
628 1901 750 1974 statuit,
781 1903 879 1957 ratum
908 1899 1021 1974 habeo,
1052 1908 1153 1957 v'erum
1183 1897 1274 1957 etiam

167 2004 311 2079 templum
330 2003 476 2079 Augusti,
504 2003 584 2077 quod
610 2001 771 2075 illedixit,
798 2021 816 2059 a
835 2002 966 2060 Manilio
989 2005 1020 2060 et
1040 2003 1107 2078 ipso
1129 2020 1273 2060 memora·

167 2112 230 2166 tum
255 2125 419 2183 agnoscere
445 2108 519 2165 mihi
545 2107 651 2164 videor
677 2106 708 2162 in
727 2107 876 2180 versibus,
903 2123 978 2181 quos
1001 2122 1093 2181 supra
1112 2103 1272 2180 adscripsi,

167 2211 208 2286 V,
229 2214 295 2285 510,
316 2213 381 2285 512,
402 2213 467 2270 513.
498 2210 634 2268 Facilius
656 2209 735 2268 enim
756 2210 856 2268 animo
878 2212 959 2286 fingo
981 2211 1107 2269 eundem
1128 2209 1272 2267 artificem

166 2320 197 2372 et
216 2315 368 2373 theatrum
382 2314 510 2390 Pompei
532 2332 694 2372 renovasse
714 2316 746 2373 et
765 2314 910 2389 templum
924 2313 1060 2389 Augusti
1080 2312 1202 2388 publice
1222 2329 1272 2370 ex·
1306 2363 1308 2369 ,

167 2416 314 2475 struxisse
345 2423 589 2491 exstructumque
618 2418 709 2476 rebus
735 2435 824 2492 quam
850 2416 1081 2493 pretiosissimis
1106 2416 1271 2490 ornavisse,

167 2521 296 2596 favente,
317 2523 352 2579 ut
371 2502 470 2579 credit¹
488 2526 581 2596 poeta
601 2521 723 2596 amicus,
746 2520 934 2598 Cassiopeia,
956 2521 1041 2579 cuius
1063 2520 1161 2578 sidere
1182 2523 1272 2577 natus

168 2628 258 2684 esset.

247 2728 315 2801 Qua
341 2727 460 2786 ratione
487 2744 601 2801 versus,
630 2727 682 2801 qui
709 2745 788 2786 nunc
808 2733 878 2787 ante
900 2729 1004 2787 oculos
1026 2732 1105 2803 sunt,
1132 2728 1158 2785 si
1178 2745 1272 2803 opera

167 2830 277 2889 Jacobi
299 2836 380 2888 recte
402 2830 553 2906 explicavi
579 2863 616 2872 —
643 2830 725 2905 quod
746 2849 811 2889 esse
831 2832 960 2906 confido,
987 2832 1129 2907 quoniam
1150 2830 1270 2889 sacculo

165 2934 310 3010 Augusto
331 2935 368 2992 de
389 2935 492 3009 priore
514 2934 626 2993 theatri
646 2934 789 2993 inccndio
811 2935 924 2994 nullam
944 2935 1025 3011 apud
1046 2953 1143 2994 rerum
1160 2934 1271 2992 Roma·

166 3055 271 3096 narum
298 3038 461 3114 scriptores
489 3038 662 3095 memoriam
682 3037 804 3113 repperi
818 3071 866 3134 ¹-
879 3022 949 3096 ¹hae
970 3056 1041 3097 sane
1062 3037 1271 3096 manifestissi-

165 3160 243 3199 mum
263 3142 395 3213 videtur,
415 3147 578 3199 extremam
599 3141 719 3214 quidem
741 3140 979 3199 Astronomicon
999 3147 1117 3216 partem
1137 3146 1271 3217 pertrac-

165 3250 258 3303 tatam
285 3263 349 3303 esse
376 3263 438 3302 non
463 3251 534 3302 ante
560 3264 586 3302 a.
609 3244 648 3302 U.
674 3243 744 3308 775.
786 3243 854 3316 Quo
877 3244 982 3303 eodem
1005 3249 1151 3320 tempore,
1177 3249 1212 3301 ut
1231 3243 1270 3302 ad

164 3349 269 3424 priora
304 3349 435 3421 redeam,
472 3350 563 3407 ctiam
593 3348 789 3406 novissimum
820 3347 897 3406 illud
929 3347 1095 3423 spectaculi
1127 3365 1222 3422 genus
1253 3367 1271 3405 a

167 3449 266 3509 Galba
286 3451 400 3509 editum
421 3452 513 3509 fuisse
534 3452 598 3510 reri
619 3457 666 3510 est
687 3450 879 3509 simillimum.
913 3451 1022 3525 Itaque
1043 3452 1103 3508 nisi
1124 3452 1202 3510 aliae
1223 3469 1270 3509 res

166 3553 312 3628 officiunt,
338 3554 420 3612 haud
447 3557 588 3614 commoti
615 3573 697 3613 mera
721 3555 858 3613 acerrimi
879 3555 995 3630 ingenii
1015 3554 1197 3612 verecundia
1217 3571 1270 3612 no-

165 3663 228 3715 stro
260 3659 325 3716 iure
351 3658 466 3716 aditum
491 3657 521 3714 iu
549 3659 690 3716 carminis
715 3659 788 3715 fines
814 3658 886 3716 dare
911 3676 1072 3734 possumus
1100 3658 1269 3733 elephantis

165 3761 348 3821 funambulis
377 3781 395 3819 a
424 3762 566 3821 Bentleio
597 3762 706 3820 ductis.
753 3760 847 3819 Cuius
878 3762 922 3820 rei
954 3762 1144 3820 occasionem
1174 3760 1269 3819 multo

164 3866 284 3940 aegrius
310 3865 555 3941 adipisceremur,
585 3865 645 3922 nisi
671 3883 774 3923 versus
802 3864 841 3940 V,
872 3867 938 3938 515,
969 3866 1025 3924 516
1053 3866 1091 3923 ab
1118 3864 1173 3923 illo
1199 3881 1270 3940 pro-

165 3970 296 4045 scriptas
314 3969 449 4028 Jacobus
471 3969 731 4045 opportunissimo
754 3985 900 4042 quemque
921 3968 989 4026 loco
1013 3974 1162 4026 servasset
1183 3967 1270 4025 scite·

166 4090 233 4147 que,
253 4083 287 4130 ut
303 4078 388 4149 puto,
410 4073 442 4129 in
456 4072 607 4146 integrum
623 4072 817 4147 restituisset,
837 4072 1016 4147 praesertim
1031 4089 1098 4130 cum
1110 4071 1270 4130 Bentlcius

165 4194 281 4252 nepos
302 4176 465 4235 Manilium
490 4181 626 4251 tempore
647 4175 782 4251 Augusti
807 4175 946 4234 floruisse
973 4193 1009 4234 ex
1030 4174 1169 4233 avunculi
1192 4191 1269 4232 com-

165 4279 354 4337 mentariolis
376 4279 558 4354 cognovisse
580 4296 611 4336 se
633 4266 804 4355 scripserit.¹

243 4381 304 4440 Sed
324 4382 384 4440 iam
404 4387 522 4457 tempus
544 4386 591 4439 est
611 4382 772 4440 terminare
790 4382 848 4441 hoc
863 4380 1051 4457 quaestionis
1065 4386 1166 4456 caput,
1188 4380 1269 4454 quod

166 4502 203 4543 nc
223 4484 354 4560 amplius
374 4482 557 4559 grandiusve
577 4483 762 4544 reddiderim
782 4503 897 4544 vereor.
938 4484 1013 4542 Inde
1034 4483 1149 4542 utinam
1169 4483 1269 4541 denuo

166 4587 345 4663 cognoveris
366 4585 516 4662 principis
536 4586 605 4645 loco
623 4586 789 4664 Tiberium,
810 4606 872 4647 uon
885 4586 1061 4664 Augustum
1074 4586 1188 4646 cultum
1204 4603 1269 4646 esse
