2880 5182
592 721 826 830 kre-

72 1008 75 1011 ,
167 958 219 1016 ubi
235 957 313 1016 Jove
331 956 510 1033 plerumque
525 973 631 1015 sereno
648 954 834 1014 incunabula
846 954 1052 1014 astronomiae
1066 955 1170 1032 posita
1184 957 1277 1016 fuere.
1317 970 1320 975 ·

89 1104 91 1109 .
166 1061 204 1118 In
217 1061 295 1118 Asia
316 1077 436 1119 neeesse
458 1064 524 1118 erat
543 1064 675 1135 poetam,
696 1058 748 1133 qui
770 1058 806 1116 de
828 1057 912 1116 eaelo
934 1059 1092 1134 stellisque
1114 1060 1214 1118 dioere
1235 1077 1278 1119 se·

167 1181 234 1222 eum
255 1163 477 1236 constituisset,
497 1164 529 1221 in
550 1164 614 1222 dies
635 1163 732 1238 magis
753 1160 858 1220 divino
880 1161 981 1220 inflari
1003 1164 1124 1239 spiritu,
1146 1181 1206 1239 quo
1226 1183 1278 1240 pe·

166 1269 250 1326 nitus
276 1267 424 1326 incitante
445 1267 546 1325 oratio
566 1265 650 1325 faoili
671 1266 796 1341 negotio
818 1266 950 1325 numeris
971 1266 1140 1325 ineluditur
1159 1283 1277 1324 versus-

167 1388 224 1446 que
251 1403 289 1413 -
316 1387 404 1444 quam
429 1374 523 1427 artem
543 1369 667 1426 Manilii
694 1367 887 1444 potissimum
907 1369 1064 1444 propriam
1084 1369 1177 1428 fuisse
1199 1369 1279 1428 iuter

167 1493 270 1535 omues
298 1478 420 1532 constat
444 1505 482 1516 -
509 1473 597 1547 quasi
622 1471 818 1531 effunduntur
843 1476 874 1532 et
894 1473 925 1530 in
946 1473 1023 1531 loeis
1045 1489 1165 1547 quoqne
1186 1473 1278 1547 impe·

166 1577 240 1636 ditis
270 1578 347 1635 bene
377 1576 483 1634 fluunt
534 1573 613 1634 ane
643 1573 752 1632 deinde
784 1592 905 1633 oausam
933 1576 1191 1651 probabiliorem,
1225 1593 1279 1634 our

168 1681 262 1747 multa
292 1681 323 1738 in
350 1677 578 1738 Astronomieis
609 1677 784 1736 incohatum
815 1695 911 1753 neque
942 1679 1130 1756 perpolitum
1160 1696 1279 1738 carmen

168 1789 336 1859 coarguant
356 1799 451 1857 eaque
471 1781 570 1858 primo
592 1780 707 1857 impetu
728 1780 809 1839 iaota
829 1780 960 1856 iudices3
984 1800 1052 1841 eeoe
1073 1799 1202 1858 oausam,
1226 1800 1279 1842 our

168 1886 343 1962 saepissime
369 1891 399 1944 et
425 1884 676 1962 perspicuitatem
697 1883 848 1942 orationis
870 1888 901 1944 et
920 1886 1170 1960 aequabilitatem
1190 1887 1222 1945 in
1243 1887 1278 1945 li·

166 1990 230 2049 bris
250 1990 357 2066 primis
378 1989 540 2047 desideres.
571 1987 694 2047 Defeoit
706 1988 847 2064 proiecto
862 1994 993 2065 poetam,
1015 2007 1082 2050 oum
1097 1991 1192 2049 Asiae
1206 2009 1277 2067 pro-

166 2095 282 2154 vincias
306 2110 460 2169 regnaque
479 2092 665 2168 peragrabat
684 2098 775 2166 atque
797 2092 887 2151 semel
908 2093 940 2150 in
960 2094 1135 2170 Aegyptum
1156 2112 1187 2153 se
1207 2112 1278 2154 eon·

127 2270 130 2276 ,
166 2199 293 2273 ferebat,
323 2195 533 2270 tranquillitas
563 2195 618 2253 illa
647 2195 740 2254 animi
771 2195 810 2254 ad
835 2214 898 2256 rem
923 2203 1063 2257 aeeurate
1088 2199 1278 2258 tractandam

166 2303 293 2362 maxime
314 2299 493 2360 necessaria.
528 2299 634 2373 anue
655 2304 719 2358 tum
739 2299 857 2358 demum
879 2300 926 2358 illi
947 2301 1050 2376 rediit,
1070 2319 1137 2361 oum
1156 2307 1277 2362 mortuo

167 2405 263 2464 amieo
289 2405 321 2463 iu
341 2405 458 2464 Urbem
482 2404 586 2486 reduu¹
605 2403 701 2461 faetus
723 2404 826 2463 multis
847 2405 1000 2464 mensibus
1021 2405 1203 2465 intermissis
1223 2407 1278 2466 tri·

169 2507 319 2567 stissimae
338 2508 409 2567 huie
430 2507 558 2567 orbitati
580 2507 723 2566 solatium
743 2507 870 2567 invenit.
913 2508 989 2585 (Ofr.
1010 2529 1040 2586 p.
1062 2508 1122 2584 43.)

242 2611 288 2671 At
313 2611 428 2670 dixerit
454 2611 606 2686 quispiam
625 2610 698 2669 haee
719 2613 821 2670 omnia
841 2614 980 2688 argutius
1002 2613 1208 2688 subtiliusque
1228 2631 1277 2672 ex·

165 2715 302 2790 cogitata
326 2715 375 2774 vel
400 2715 497 2772 minus
525 2714 616 2772 sertis
637 2715 823 2790 argumentis
844 2718 1030 2792 confirmata,
1056 2733 1145 2791 quam
1166 2718 1276 2792 quibus

76 2871 78 2877 .
166 2817 254 2875 fidem
278 2817 390 2875 habere
413 2816 529 2875 homini
549 2817 694 2894 prudenti
716 2818 815 2876 liceat.
856 2818 927 2878 Hoo
947 2819 1078 2878 fortasse
1098 2825 1178 2878 reate
1199 2821 1277 2878 iudi·

166 2922 258 2996 earet,
281 2919 341 2977 nisi
362 2920 393 2977 in
415 2924 524 2995 quarto
538 2920 778 2980 Astronomioon
799 2923 885 2980 locus
903 2927 1084 3000 superesset,
1104 2924 1194 3000 unde,
1216 2942 1277 2999 quo

166 3043 246 3083 anno
269 3024 334 3099 ipse
355 3024 487 3100 scriptus
506 3024 556 3098 sit,
576 3026 757 3098 necessario,
777 3032 811 3084 ut
824 3032 911 3101 puto,
931 3027 1185 3085 manifestissimis
1201 3028 1278 3086 indi·

166 3129 222 3187 oiis
253 3145 429 3203 eognosoas.
460 3159 498 3171 -
527 3126 598 3187 Hoo
628 3129 697 3187 loeo
727 3130 824 3188 totius
854 3130 1128 3205 argumentationis
1153 3136 1276 3189 nostrae
1311 3144 1315 3153 ·

166 3232 253 3308 quasi
278 3231 371 3290 cardo
397 3232 537 3304 vertitur,
564 3232 714 3306 nobisque
734 3231 847 3290 dantur
866 3250 967 3308 ansae,
992 3233 1031 3291 ad
1053 3250 1127 3308 quas
1149 3234 1277 3311 alligata
1324 3257 1325 3260 ¹

165 3341 267 3394 cetera
287 3334 434 3410 temporis
454 3334 639 3393 adminicula
658 3352 713 3410 per
735 3352 766 3393 se
788 3335 856 3410 ipsa
877 3336 1044 3395 infirmiora
1063 3336 1095 3395 in
1116 3357 1208 3397 unum
1228 3339 1276 3397 fir·

165 3439 390 3513 missimumque
416 3438 505 3496 huius
532 3438 577 3495 rei
603 3437 741 3496 columen
767 3439 996 3516 ooniungamus.
1038 3441 1128 3515 Quod
1156 3444 1182 3500 si
1208 3444 1276 3517 quis

165 3541 303 3600 funditus
324 3546 460 3600 evertere
479 3541 627 3618 potuerit,
648 3541 680 3598 in
701 3558 819 3601 cassum
839 3561 875 3602 ae
895 3544 1009 3603 frustra
1029 3546 1088 3620 hoo
1108 3547 1208 3623 eapite
1230 3565 1275 3606 me

166 3641 338 3718 disputasse
364 3661 427 3702 non
453 3642 616 3719 impediam
643 3643 716 3719 quin
743 3653 873 3722 censeat,
899 3665 996 3723 neque
1017 3646 1143 3725 indigne
1163 3650 1275 3726 patiar,

165 3749 201 3806 nt
225 3746 316 3804 etiam
341 3764 379 3805 ex
399 3746 448 3822 iis,
475 3763 552 3820 quae
574 3764 667 3823 supra
687 3765 767 3806 nora
788 3749 853 3808 luoe
874 3750 1044 3811 illustrasse
1065 3753 1139 3811 mihi
1159 3754 1276 3827 videor,

165 3850 261 3908 multa
281 3850 313 3907 in
333 3850 481 3926 pristinas
495 3849 636 3908 tenebras
651 3851 802 3926 recidant3
824 3854 850 3911 si
864 3854 973 3928 miuus,
995 3859 1190 3931 quaeeunque
1204 3856 1276 3916 huia

164 3952 391 4012 dissertationis
411 3952 493 4029 parti
514 3953 707 4028 antecedunt,
728 3973 763 4014 ea
783 3957 875 4015 etiam
896 3958 1021 4018 meliore
1039 3959 1072 4016 in
1086 3960 1199 4018 lumine
1213 3961 1274 4019 eol·

166 4055 267 4115 locata
285 4056 344 4115 tibi
364 4055 591 4115 commendabo.
621 4057 752 4117 Utamur
772 4060 868 4136 igitur
889 4063 1122 4138 opportunitate
1143 4063 1181 4121 ad
1204 4081 1274 4122 oon-

165 4159 330 4217 troversias
346 4158 530 4217 dirimendas
545 4158 625 4218 data.
656 4161 803 4238 Legimus
818 4163 912 4238 ineu,
933 4181 1021 4239 quem
1035 4165 1125 4225 modo
1141 4167 1272 4243 laudari,

164 4260 246 4321 libro
268 4261 339 4321 inde
361 4279 380 4320 a
400 4278 487 4321 versu
507 4261 565 4338 IV,
587 4266 656 4324 773:

319 4407 503 4479 „Hesperiam
522 4425 574 4463 sua
594 4409 681 4465 Libra
699 4414 784 4481 tenet,
802 4429 857 4483 qua
876 4414 987 4469 condita
1004 4416 1096 4472 Roma

318 4494 401 4550 Orbis
421 4497 449 4550 et
465 4495 581 4565 imperio
599 4499 701 4552 retinet
719 4499 879 4555 discrimina
896 4518 985 4557 rerum

315 4582 459 4639 Lanoibus
478 4585 509 4636 et
525 4584 625 4654 positis
643 4587 741 4654 gentes
758 4587 884 4658 tollitque
901 4588 1065 4661 premitque,
