2880 5182
624 349 815 411 ..2-

165 535 316 612 gumentis
337 533 450 594 certior
470 533 523 592 fiat
542 551 578 593 ac
598 533 782 593 stabiliatur.
815 532 909 593 Cuius
923 534 967 593 rei
989 533 1178 594 occasionem
1198 553 1272 593 nan·

165 641 232 697 etus
254 635 499 712 quandoquidem
518 635 610 694 talem
632 636 750 710 qualem
777 635 946 711 significavi
972 638 1081 696 molem
1105 637 1206 695 subire
1226 654 1272 695 me

166 741 259 816 iuvat,
280 740 339 798 iam
360 746 391 798 et
413 739 479 815 ipse
501 757 704 814 quaecumque
725 740 784 797 viri
798 739 882 798 docti
898 739 934 798 de
949 739 1073 798 Manilii
1088 759 1162 799 aevo
1177 759 1272 815 usque

165 844 303 902 adhunc
324 843 403 901 diem
425 842 606 917 iudicavere,
628 843 659 900 in
680 846 837 916 utramque
857 849 976 918 partem
995 844 1160 919 disputabo
1181 843 1273 918 idque

165 948 218 1021 ita,
239 952 274 1005 ut
293 945 355 1003 alia
375 944 564 1020 gravissimis
583 946 753 1004 rationibus
768 946 900 1020 probata
913 949 1031 1005 teneam
1046 947 1107 1006 alia
1120 946 1272 1006 deteriore

165 1055 240 1108 nota
261 1049 382 1124 signata
402 1065 421 1104 a
441 1065 474 1105 re
489 1047 690 1124 disceptanda
704 1048 736 1105 in
751 1053 905 1106 aeternum
919 1049 1073 1124 repellam.
1094 1083 1131 1092 -
1151 1049 1272 1108 Deinde

166 1149 191 1210 si
213 1151 286 1225 quid
308 1150 380 1209 novi
402 1169 437 1209 ac
457 1150 663 1208 memorabilis
684 1151 765 1209 forte
783 1153 872 1211 nobis
889 1153 1046 1228 obtigerit,
1067 1153 1098 1211 id
1113 1154 1272 1229 aptissimo

166 1272 287 1330 quoqne
317 1254 386 1313 loco
417 1253 456 1311 ad
486 1253 648 1329 peritiores
679 1253 813 1312 arbitros
845 1255 986 1314 deferam.
1033 1255 1188 1316 Videlicet
1215 1258 1274 1317 erit

165 1376 275 1434 magna
290 1357 435 1432 quaestio
458 1355 549 1414 etiam
568 1355 605 1413 de
626 1355 664 1412 iis
685 1355 869 1431 hominibus,
892 1357 944 1432 qui
958 1357 1082 1418 Manilii
1100 1359 1149 1417 vel
1170 1366 1273 1419 aucto·

165 1479 213 1521 res
233 1461 282 1520 vel
302 1460 467 1519 familiares
488 1459 537 1517 vel
561 1467 751 1517 assecutores
773 1458 866 1518 fuisse
892 1461 1023 1536 putandi
1049 1465 1129 1538 sunt,
1156 1461 1183 1519 si
1210 1461 1273 1536 qui-

165 1565 232 1624 dem
245 1564 293 1623 his
308 1563 441 1640 cognitis
458 1565 523 1641 ipse
538 1564 618 1622 inter
632 1568 733 1622 certos
754 1582 903 1624 annorum
922 1566 1068 1625 terminos
1090 1566 1273 1625 includetur.

245 1668 363 1742 Quibus
384 1667 559 1745 praemissis
580 1670 686 1742 restat,
714 1669 821 1742 utqui
842 1670 901 1728 viri
921 1669 1005 1728 docti
1026 1670 1107 1728 haud
1128 1668 1273 1728 mediocri

166 1790 260 1851 opera
279 1790 325 1832 me
346 1771 528 1846 adiuverint,
554 1771 660 1846 paucis
683 1772 850 1831 ostendam.
891 1771 970 1832 Sunt
997 1774 1092 1849 igitur
1119 1772 1273 1849 inprimis:

244 1876 432 1952 Josephns
454 1873 645 1950 Scaliger,
672 1876 724 1949 qui
750 1881 821 1934 ante
845 1876 901 1935 hos
924 1875 1004 1936 000
1026 1893 1122 1934 annos
1143 1874 1273 1933 Parisiis
1386 1923 1391 1932 .

166 1979 403 2039 Astronomicon
423 1979 519 2037 libros
540 1978 638 2037 edidit
658 1983 784 2038 ornatos
805 1979 1032 2055 commentario,
1054 1983 1089 2038 ut
1109 1979 1188 2038 solet
1202 1978 1273 2037 scri·

165 2083 246 2159 bere,
268 2083 343 2141 satis
365 2082 483 2158 amplo;

243 2184 430 2243 Ricardus
451 2184 666 2260 Bentleius,
689 2185 745 2259 ¹qui
772 2188 898 2244 curante
919 2185 1057 2245 Londini
1077 2203 1103 2244 a.
1128 2187 1201 2245 1739
1224 2202 1273 2243 ne·

165 2291 239 2366 pote
265 2289 405 2348 carminis
431 2292 606 2348 contextum
631 2288 811 2348 recensitum
837 2305 903 2346 oum
927 2288 1120 2364 praefatione
1143 2287 1273 2363 paruula

165 2393 298 2470 posteris
318 2392 460 2466 reliquit;

244 2496 404 2556 Carolus
419 2495 694 2572 Lachmannus‚
711 2496 797 2554 cuius
811 2496 891 2554 inter
907 2494 1136 2554 observationes
1150 2494 1273 2552 criticas

166 2598 334 2675 Gottingae
356 2618 383 2657 a.
408 2601 480 2659 1815
503 2601 632 2676 scriptas
660 2603 753 2676 caput
773 2599 787 2655 I
809 2600 845 2658 de
867 2598 991 2657 Manilii
1018 2604 1117 2657 aetate
1144 2599 1274 2657 habetur

164 2704 206 2780 (v.
227 2702 279 2761 Kl.
302 2700 457 2760 Schriften
478 2720 504 2760 z.
524 2702 616 2761 klass.
637 2701 752 2762 Philol.
774 2721 845 2778 pag.
866 2704 903 2760 42
925 2699 1019 2778 seq.);

241 2805 466 2863 Fridericus
488 2804 672 2880 dacobnn,
701 2806 752 2879 qui
779 2805 815 2863 de
837 2803 940 2863 eadem
959 2821 992 2861 re
1014 2809 1044 2861 et
1065 2803 1096 2861 in
1116 2820 1272 2879 program-

164 2911 243 2968 mate
260 2909 434 2967 Lnbeoensi
455 2926 481 2967 a.
500 2911 574 2968 1832
595 2915 625 2967 et
646 2908 679 2966 in
700 2908 891 2986 praefatione
914 2924 985 2965 snae
999 2906 1123 2965 Manilii
1145 2903 1273 2964 editioni

166 3032 193 3072 a.
217 3014 289 3073 1849
311 3013 431 3071 adiecta
451 3011 591 3088 pluribus
612 3011 773 3086 disseruit;

242 3115 468 3192 Rudolphus
489 3114 714 3190 Merkelins‚
735 3134 754 3172 a
776 3132 834 3189 qno
856 3114 993 3191 prolatas
1014 3114 1051 3173 de
1071 3116 1165 3190 poeta
1185 3130 1273 3187 argu·

165 3225 212 3279 tas
239 3220 406 3279 sententias
433 3219 466 3276 in
490 3218 669 3295 prolusione
696 3218 734 3276 ad
763 3217 868 3277 Ovidii
893 3218 964 3277 Ibin
984 3217 1125 3277 Berolini
1151 3219 1273 3276 a1837

166 3323 204 3400 (v.
228 3322 318 3381 Ouid.
341 3321 435 3380 Trist.
456 3339 486 3396 p.
508 3323 673 3396 393-406)
695 3320 776 3378 facta
795 3320 933 3395 legimus.

242 3424 371 3485 Praeter
391 3425 447 3483 hos
469 3426 495 3483 si
518 3425 570 3499 qui
590 3424 627 3482 de
648 3423 824 3499 indaganda
843 3423 966 3482 Manilii
987 3427 1087 3483 aetate
1111 3425 1188 3482 bene
1215 3441 1272 3492 me,-

165 3530 218 3589 riti
239 3530 319 3602 sunt,
342 3545 393 3586 eos
416 3529 587 3602 ubicunque
608 3527 695 3586 decet
715 3526 804 3584 iustis
825 3526 967 3586 laudibus
989 3526 1116 3586 efferam.

242 3632 307 3690 Iam
327 3630 411 3688 vides
432 3631 528 3690 tantis
550 3648 616 3688 cum
636 3629 711 3687 viris
732 3629 805 3687 mihi
826 3629 891 3688 fore
912 3632 1072 3703 certamen,
1093 3627 1125 3685 in
1141 3630 1271 3701 quantos

165 3752 308 3795 summam
331 3738 449 3792 tantum
472 3731 682 3791 verecundiam
709 3749 804 3790 meam
829 3731 948 3789 iuvenis
973 3731 1177 3790 existimantis
1203 3747 1268 3789 csse
1297 3760 1299 3765 ·

166 3843 317 3915 oporteat.
358 3835 498 3895 Fortiter
519 3841 619 3892 tamon
639 3833 677 3892 ad
698 3833 890 3910 propositam
910 3851 974 3892 rem
994 3829 1222 3910 aggrediamurl

619 4067 823 4079 *—
