2880 5182
621 779 832 840 ...57-

173 961 302 1022 Ovidius
324 962 534 1027 Germanicus:
556 967 694 1028 Solensis
714 966 767 1024 ille
788 963 917 1040 quidem,
938 962 1023 1022 cuius
1043 964 1173 1023 lectione
1194 965 1276 1041 apud

170 1063 327 1126 Romanos
352 1069 429 1130 nihil
455 1071 548 1128 fuisse
573 1070 695 1129 videtur
715 1065 951 1145 frequentiusffl),
977 1065 1082 1124 miram
1102 1066 1276 1126 caelestium

169 1169 280 1229 virium
305 1172 446 1232 notitiam
466 1174 580 1233 habens
602 1191 781 1249 quamquam
801 1172 838 1230 ad
861 1172 989 1229 salutem
1009 1171 1182 1229 mortalium
1203 1171 1276 1245 quid
1360 1179 1363 1184 ’

53 1264 56 1268 ⁴
170 1271 271 1331 sidera
291 1275 429 1336 valerent
448 1278 508 1335 iam
527 1277 715 1336 intellexisse
736 1275 890 1352 putandus
905 1293 966 1332 uon
982 1273 1066 1339 estu)
1079 1275 1180 1332 tamen
1193 1291 1275 1332 more

170 1374 410 1450 Epicuraeorum
431 1385 542 1440 terram
562 1399 580 1438 a
600 1381 683 1438 caelo
704 1378 836 1455 pendere
857 1395 1010 1452 nunquam
1030 1376 1163 1452 negavit,
1184 1382 1275 1450 atque

170 1495 259 1552 quam
279 1481 449 1542 fabularum
469 1485 589 1560 copiam
608 1484 661 1541 ille
682 1482 865 1541 carminibus
887 1481 949 1538 suis
970 1478 1132 1555 adspersit,
1155 1498 1190 1538 ea
1209 1480 1275 1564 Mc.-

169 1582 262 1641 nilius
287 1586 371 1645 velut
390 1587 416 1662 I,
442 1589 507 1660 323,
533 1589 599 1661 325,
618 1590 689 1663 ,336,
715 1605 752 1646 nc
778 1587 844 1663 ipse
872 1585 991 1660 quidem
1012 1583 1170 1642 abstinuit.
1213 1581 1273 1656 Qui

170 1685 197 1743 si
224 1686 256 1743 in
276 1686 407 1750 Aratum
432 1692 699 1767 iuvenesquecius
721 1691 876 1750 studiosos
896 1689 990 1748 verba
1011 1687 1098 1762 quasi
1119 1687 1275 1746 fastidium

169 1786 318 1866 spirantia
339 1793 500 1869 coniceret,
526 1794 614 1853 simul
636 1811 666 1852 se
687 1793 786 1869 ipsum
806 1797 970 1867 accusaret,
992 1791 1074 1864 quod
1094 1789 1191 1848 facere
1212 1808 1274 1848 non

168 1895 281 1967 potest.
313 1894 421 1969 Itaque
442 1897 568 1955 eumad
589 1896 787 1973 explicandos
801 1913 905 1954 versus
919 1894 962 1968 II,
983 1896 1029 1969 37,
1050 1896 1087 1953 38
1101 1895 1274 1953 arcessendi

169 1993 232 2053 sint
258 2014 318 2054 non
340 1995 537 2056 Germanicus
562 1999 614 2057 sed
635 1999 658 2056 ii
678 2002 797 2074 poetae,
824 2014 951 2072 quorum
973 2015 1066 2074 opera
1086 1998 1273 2074 astrologica

167 2099 327 2183 usquead
348 2119 404 2159 uos
425 2120 487 2160 non
507 2112 681 2178 pervenere,
707 2104 745 2160 ab
765 2104 822 2161 bac
844 2119 963 2178 quoque
983 2106 1071 2177 parte
1092 2104 1209 2178 tempus
1231 2103 1273 2178 id,

169 2217 228 2273 quo
249 2201 396 2261 Manilius
422 2205 460 2262 ad
481 2204 586 2263 Musas
613 2223 644 2263 sc
664 2206 805 2282 contulit,
831 2206 940 2263 crassis
962 2204 1145 2264 occultatum
1166 2211 1197 2263 et
1216 2205 1273 2264 cir·

168 2303 333 2363 cumfusum
353 2308 487 2366 tenebris
509 2308 596 2367 iacet.
618 2341 653 2349 -
675 2307 794 2366 Redeat
810 2307 909 2383 igitur
924 2307 1034 2380 oratio,
1057 2307 1136 2365 unde
1156 2339 1194 2350 —
1214 2308 1272 2366 heu

168 2408 227 2467 iam
247 2409 370 2485 longius
391 2445 426 2452 -
448 2411 581 2487 deflexit,
602 2412 757 2486 lucemque
777 2416 863 2487 petat
884 2411 921 2468 ad
935 2410 1148 2469 illustrandam
1162 2416 1271 2486 poetae

168 2510 260 2569 vitam
285 2513 323 2570 ab
350 2513 398 2590 iia,
424 2532 551 2590 quorum
577 2516 692 2592 scripta
711 2515 936 2574 Astronomicis
965 2514 1118 2573 simillima
1144 2515 1272 2591 speciem

155 2615 276 2673 ⁴aetatis
299 2615 480 2677 Tiberianae
506 2619 640 2694 apertius
666 2637 739 2695 prae
766 2636 797 2678 se
824 2619 934 2677 ferunt.
953 2630 955 2634 ·
976 2617 1147 2692 Supersunt
1172 2603 1272 2677 autem

168 2717 228 2776 duo
250 2723 376 2795 tanturn,
398 2728 542 2796 quantum
562 2722 702 2796 equidem
720 2722 821 2796 video,
848 2719 976 2780 Ovidius
998 2723 1031 2780 et
1049 2720 1127 2780 idem
1149 2719 1271 2780 Germa-

168 2821 263 2898 nicus,
285 2839 371 2897 quem
392 2825 482 2884 modo
504 2845 541 2885 ex
561 2826 667 2901 iniquo
690 2826 759 2884 loco
780 2824 929 2900 ablegari.

562 3230 754 3315 Caput
786 3228 875 3299 VI.

252 3385 303 3454 lic
325 3386 544 3453 carminibus
566 3383 844 3454 Astronomioon
866 3385 943 3454 fero
965 3384 1184 3466 aequalibus.

245 3547 396 3622 Quoniam
409 3529 627 3609 Astronomioa
640 3549 771 3635 Manilii⁴
784 3568 840 3624 pro
862 3555 945 3608 certo
966 3550 1063 3609 habeo
1083 3557 1114 3608 ct
1128 3548 1270 3608 incohata
1318 3580 1320 3584 ⁴

167 3655 384 3728 postmortem
398 3651 534 3728 Augusti
555 3658 585 3712 et
606 3653 744 3712 confecta
764 3653 957 3730 imperitante
972 3654 1097 3712 Tiberio
1112 3671 1187 3728 esse,
1208 3671 1270 3711 car—

166 3754 255 3812 minis
280 3754 367 3813 libris
389 3773 474 3815 suum
494 3755 603 3831 cuique
624 3774 735 3814 annum
755 3756 962 3833 adscripturus
984 3757 1160 3815 auctoribus
1180 3755 1268 3813 huius

165 3859 209 3916 rei
231 3859 454 3934 circumspectis
476 3877 513 3917 ex
528 3858 650 3936 Ouidio,
673 3877 760 3935 quern
779 3861 907 3937 primum
920 3860 995 3919 mihi
1009 3859 1168 3918 subvenire
1183 3858 1268 3933 iussi,

165 3979 226 4019 non
253 3966 394 4036 oportere
420 3963 555 4022 arbitror
575 3980 620 4021 me
642 3979 794 4037 quaerere,
820 3962 939 4038 quando
961 3962 1092 4021 Manilio
1114 3962 1216 4020 iuveni
1238 3966 1269 4019 et

165 4064 427 4141 Metamorphoses
454 4071 485 4125 ct
505 4066 617 4125 Festos
640 4066 759 4142 priores
781 4065 905 4125 miserit.
945 4067 982 4125 Id
1004 4065 1082 4124 enim
1103 4065 1188 4122 illum
1210 4063 1268 4122 iam

166 4167 272 4227 fecisse
292 4173 373 4244 ante,
395 4186 483 4244 quam
503 4173 628 4246 accepta
648 4170 733 4228 clade
747 4169 885 4229 Variana
905 4170 1028 4242 ineunte
1044 4169 1116 4227 anni
1130 4171 1185 4228 762
1200 4186 1268 4225 auc·

164 4273 268 4330 tumno
290 4271 502 4348 expelleretur,
525 4272 590 4332 veri
611 4278 658 4331 est
670 4272 871 4359 simillimum.
895 4274 982 4333 'Hoc
1002 4277 1101 4331 autern
1121 4270 1266 4347 temporis

233 4502 265 4569 ¹⁰)
287 4504 375 4559 Merk.
395 4503 444 4560 Ov.
462 4505 539 4560 Fast.
563 4523 590 4575 p.
608 4508 650 4562 87.
704 4507 737 4577 ¹¹)
761 4506 814 4562 Otr.
834 4505 1040 4568 Schaubachius
1062 4506 1090 4565 in
1108 4503 1214 4561 Euschii
1239 4506 1267 4563 el

165 4588 283 4646 Grubari
300 4591 412 4663 Eneyol.
430 4591 467 4660 V,
485 4609 511 4662 p.
531 4593 587 4648 103.
