2880 5182
584 1691 778 1778 Caput
810 1692 844 1760 L

454 1848 507 1915 Ilo
530 1849 700 1915 carminis
724 1847 974 1931 inscriptione.

236 2019 320 2078 Hinc
347 2020 516 2080 disserendi
543 2021 664 2079 initium
692 2025 726 2079 ut
750 2038 909 2097 sumamus,
935 2018 1119 2079 auctoritate
1140 2034 1268 2076 commo·

159 2142 263 2182 vcmur
282 2124 427 2196 Bentleii,
451 2126 564 2201 quippe
586 2126 638 2200 qui
662 2131 774 2201 nepote
796 2127 873 2184 teste
886 2123 1017 2199 primum
1030 2141 1068 2182 ex
1082 2122 1149 2199 ipso
1166 2121 1268 2198 operis

158 2226 250 2286 titulo
271 2227 393 2286 abunde
409 2229 551 2287 statuerit
565 2229 682 2303 liquere
696 2235 850 2289 auctorem
863 2233 1000 2303 tempore
1014 2225 1151 2303 Augusti
1165 2225 1268 2284 fuisse.

38 2357 50 2364 ..
157 2330 262 2404 Atque
283 2348 319 2389 eo
342 2332 514 2390 accuratius
537 2338 567 2390 et
588 2333 770 2419 exponenda¹
791 2350 826 2391 ea
846 2349 894 2390 res
915 2336 946 2390 et
965 2329 1165 2390 diiudicanda
1185 2326 1268 2386 vide·

158 2440 217 2509 tur,
241 2451 300 2509 quo
324 2435 449 2510 longius
469 2434 507 2493 de
529 2453 564 2493 ea
585 2436 639 2494 alii
660 2436 855 2495 dissentiunt.

233 2537 359 2596 Accidit
384 2538 464 2597 enim
490 2538 533 2596 M.
561 2539 702 2616 Manilio,
729 2546 763 2599 nt
789 2559 807 2599 a
833 2539 917 2598 nullo
944 2534 1142 2612 antiquitatis
1170 2552 1267 2610 neque

156 2648 249 2717 poeta
280 2659 378 2716 neque
413 2648 535 2701 oratore
567 2661 665 2718 neque
699 2644 897 2721 grammatico
932 2659 1064 2717 unquam
1099 2641 1130 2698 in
1163 2644 1267 2717 partes

156 2748 281 2804 vocatus
308 2743 387 2821 sit.¹)
432 2745 596 2823 Extemplo
627 2747 722 2823 igitur
749 2748 872 2807 exsistit
898 2746 1047 2825 quaesti0,
1083 2763 1142 2820 qua
1168 2747 1267 2803 aetate

157 2847 222 2924 ipse
253 2848 401 2908 floruerit.
441 2848 549 2924 Neque
581 2868 653 2909 vero
687 2851 752 2909 eius
784 2851 884 2910 facilis
911 2852 970 2909 erit
996 2855 1026 2907 et
1050 2852 1195 2925 prompta
1223 2864 1267 2905 re·

158 2952 302 3027 sponsio:
330 2952 473 3027 quoniam
493 2954 591 3029 testis,
621 2973 708 3029 quem
730 2953 935 3030 posteriorum
957 2958 1126 3029 temporum
1146 2951 1269 3009 unicum

158 3054 314 3130 habemus,
336 3053 503 3115 Gerbertus
524 3057 667 3132 pontifex
689 3058 810 3117 saeculo
831 3077 861 3134 p.
878 3056 950 3116 Chr.
971 3056 1088 3115 decimo
1110 3057 1148 3115 ab
1170 3055 1266 3114 amico

157 3156 200 3215 M.
231 3158 354 3217 Manilii
390 3159 487 3218 libros
525 3160 562 3219 de
600 3160 771 3237 astrologia
808 3167 915 3236 potens
947 3160 979 3218 in
1011 3158 1144 3236 epistola
1173 3155 1267 3215 nullis

155 3279 282 3336 prorsus
321 3263 389 3338 quis
419 3269 512 3339 poeta
542 3264 635 3324 fuerit
665 3264 825 3340 quandove
853 3263 966 3322 vixerit
995 3262 1097 3322 verbis
1127 3258 1266 3337 docuit,²)

155 3363 254 3424 facere
286 3383 349 3424 non
384 3383 562 3442 possumus,
597 3367 670 3441 quin
709 3367 830 3426 illarum
860 3383 960 3426 renum
990 3365 1103 3424 indicia
1132 3382 1148 3424 e
1178 3362 1266 3423 libris

155 3484 247 3525 manu
269 3468 393 3545 scriptis
414 3486 562 3527 eruamus.

235 3569 317 3643 Quid
345 3576 446 3631 autam
472 3571 673 3650 proficiemus,
700 3574 726 3632 si
751 3577 892 3634 monente
913 3571 1049 3632 Bentleii
1070 3573 1182 3646 nepote
1202 3586 1266 3629 car·

157 3673 247 3731 minis
273 3673 528 3751 inscriptio
542 3695 560 3733 n
574 3694 590 3734 e
604 3677 646 3753 s3)
668 3678 881 3753 collegerimus
902 3675 1108 3750 collectasque
1128 3673 1265 3733 contule·

157 3775 271 3836 rimus?
308 3777 379 3837 Hoc
400 3778 427 3836 si
448 3796 586 3857 quaeras,
607 3779 701 3840 libere
723 3781 880 3840 fatendum
900 3787 948 3839 est
967 3779 1097 3856 primum
1116 3793 1265 3854 apparere

158 3897 194 3937 ne
215 3898 324 3940 nomen
347 3879 468 3955 quidem
488 3886 599 3958 poetae
620 3901 711 3960 posse
733 3889 824 3943 stare.
864 3883 987 3943 Etenim
1014 3883 1120 3956 codex,
1146 3881 1198 3956 qui
1219 3898 1265 3939 ce·

157 3988 239 4044 teros
259 3988 411 4043 vetustate
433 3985 498 4044 sine
519 3986 613 4045 dubio
635 3994 768 4064 superat,
790 3988 906 4047 nullum
927 3987 1057 4063 aprima
1070 4004 1160 4046 manu
1173 3985 1266 4043 habet

157 4104 276 4163 nomen,
297 4087 335 4145 ab
357 4086 454 4145 altera
474 4088 592 4148 demum
613 4106 689 4148 saec.
709 4089 784 4149 XV.
806 4090 957 4149 additum:
978 4084 1120 4148 Mdlius
1140 4091 1264 4164 pocta.

155 4188 200 4248 At
221 4189 253 4246 in
274 4189 506 4266 recentioribus,
533 4192 585 4265 qui
607 4191 740 4251 eiusdem
760 4192 823 4252 fere
843 4191 955 4251 aetatis
978 4190 1010 4266 (i.
1032 4210 1057 4249 e.
1079 4207 1154 4249 saec.
1174 4187 1264 4263 XV.)

156 4311 260 4353 omnes
287 4297 367 4368 sunt,
393 4293 463 4352 aliis
491 4312 610 4356 carmen
637 4296 770 4355 traditur
797 4313 862 4356 esse
881 4295 973 4355 Arati
994 4291 1174 4372 philosophi
1194 4291 1264 4351 aliis

233 4527 254 4596 ¹)
277 4526 365 4581 Mer-k.
383 4525 455 4584 Prol.
473 4545 500 4599 p.
517 4529 594 4582 400.v
629 4528 650 4597 ²)
674 4527 796 4584 Fabricii
812 4528 878 4584 bibl.
897 4527 962 4584 Lat.
979 4527 1011 4595 1.,
1034 4543 1061 4597 p.
1084 4527 1137 4583 499
1155 4525 1197 4582 ed.
1214 4525 1264 4581 Er·

156 4613 238 4670 nesti.
273 4611 294 4682 ll
313 4610 369 4668 cfr.
387 4615 451 4671 Jac.
469 4614 555 4685 praef.
573 4631 602 4685 p.
617 4613 757 4672 v.-X11.

1076 4715 1109 4772 l}
