2880 5182
615 819 822 879 ...29-

170 1008 341 1081 supersunt,
366 1021 401 1062 ea
427 1003 466 1062 ad
492 1009 621 1064 aetatem
647 1005 736 1063 unius
758 1000 875 1060 Tiberii
901 1001 1057 1078 aptissime
1077 1002 1271 1062 conveniunt.

170 1108 260 1182 Quod
283 1125 342 1183 quo
362 1105 552 1166 manifestius
573 1108 706 1183 reddam,
727 1111 900 1182 antequam,
920 1105 993 1179 quid
1014 1106 1141 1164 sentiam
1160 1106 1198 1165 de
1213 1106 1271 1164 siu-

168 1210 310 1287 gulorum
339 1211 487 1270 librorum
518 1213 615 1287 annis,
642 1211 786 1289 aperiam,
816 1208 942 1269 honoris
968 1209 1156 1268 Lachmanui
1182 1227 1272 1268 cauea

167 1315 258 1372 etiam
279 1314 466 1388 aliquamdiu
486 1315 662 1374 testimonia
682 1315 819 1390 proferre
840 1333 973 1390 pergam.

567 1747 760 1833 Caput
788 1746 877 1817 IV.

217 1892 268 1961 lle
292 1891 374 1959 aliis
397 1893 609 1962 Tiberianae
632 1893 760 1960 aetatis
783 1895 903 1973 robur,
927 1907 1017 1972 quae
1039 1891 1078 1958 in
1100 1889 1222 1959 Astro-

529 1999 680 2067 uomicis
703 1997 915 2079 tanguntur.

247 2143 314 2201 Iam
344 2144 446 2203 incido
477 2144 509 2201 in
536 2146 719 2204 mentionem
746 2144 841 2203 cladis
867 2141 1032 2215 Varianae,
1063 2141 1100 2200 de
1127 2159 1186 2217 qna
1206 2160 1272 2201 cum

172 2244 282 2305 infesta
318 2248 463 2321 quaedam
494 2254 678 2307 cometarum
703 2247 896 2321 aliorumque
923 2246 1038 2322 ignium
1063 2246 1272 2304 aethereorum

171 2349 273 2408 omina
300 2357 464 2425 enumerat,
490 2352 638 2410 Manilius
665 2352 736 2411 inde
763 2370 780 2410 a
801 2351 825 2426 I,
852 2354 909 2410 894
928 2350 1001 2408 hoec
1021 2349 1182 2408 memoriae
1202 2367 1271 2425 pro·

170 2452 264 2512 didit:

307 2582 395 2650 „Quin
413 2588 441 2637 et
459 2585 534 2639 bella
553 2589 655 2639 canunt
673 2585 749 2655 ignee
769 2585 929 2653 subitosque
948 2582 1082 2636 tumultus

298 2669 346 2723 dut
364 2670 541 2726 clandestinis
561 2671 700 2741 smgeutia
719 2671 860 2725 fraudibus
881 2687 958 2724 arma

307 2755 447 2811 Externos
464 2757 547 2811 modo
566 2774 616 2827 per
633 2762 739 2827 gentes,
757 2786 792 2797 -
809 2762 840 2811 ut
857 2758 967 2812 foedere
985 2760 1066 2826 rupto

308 2841 376 2896 (lum
395 2843 454 2897 fera
472 2843 647 2907 ductorem
666 2845 784 2913 rapuit
803 2842 990 2896 Germania
1007 2841 1133 2896 Varum

306 2927 459 2998 Infecitque
476 2930 558 2983 trium
576 2930 714 2999 legionum
733 2931 866 2999 sangnine
886 2945 1008 2999 campos.

307 3015 443 3069 Arserunt
460 3020 521 3071 toto
540 3018 645 3087 passim
663 3017 818 3071 minitantia
836 3017 937 3070 mundo

237 3119 241 3126 ·
307 3100 436 3170 Lumina,
455 3102 562 3173 etipsa
580 3103 642 3156 tulit
659 3103 761 3157 bellum
779 3107 880 3157 natura
898 3101 947 3173 per'
965 3103 1043 3172 ignes

311 3184 501 3258 Opposuitque
521 3206 585 3243 suas
603 3191 675 3244 vires
693 3189 830 3259 finemque
850 3190 955 3243 minate
975 3193 1030 3258 est;

308 3271 369 3326 Nec
387 3274 484 3327 mirere
502 3283 600 3343 graves
618 3293 761 3346 rerumque
780 3277 972 3345 hominumque
991 3276 1099 3330 ruinas:

307 3357 398 3430 Saepe
418 3360 491 3415 domi
510 3361 592 3432 culpa
610 3367 666 3428 est;
686 3364 821 3417 nescimus
841 3364 952 3416 credere
972 3361 1076 3417 caelo.“

170 3488 222 3548 Sic
261 3489 421 3549 lamentari
460 3491 597 3568 potuisse
638 3510 693 3567 per
733 3510 763 3551 se
804 3492 903 3568 ipsum
938 3494 1025 3566 patet
1061 3508 1128 3549 eum
1164 3489 1271 3565 solum,

170 3594 221 3669 qui
254 3595 303 3653 vel
338 3598 557 3669 conquerentes
594 3596 798 3671 maximopere
829 3595 945 3654 cladem
980 3594 1064 3652 illam
1094 3611 1191 3669 paene
1221 3610 1271 3651 ex·

169 3696 319 3756 itiabilem
339 3698 495 3757 Romanos
526 3699 627 3757 animo
653 3698 794 3757 molliore
821 3698 980 3756 audiverat
1005 3698 1053 3756 uel
1079 3696 1183 3773 potius
1204 3696 1270 3772 ipse

170 3800 234 3858 eius
268 3801 450 3859 calamitatis
482 3801 597 3860 arbiter
628 3801 734 3859 fuerat.
785 3800 909 3858 Dilueet
940 3801 1019 3859 enim
1050 3800 1187 3875 singulas
1216 3817 1271 3876 per

171 3902 276 3961 literas
302 3903 475 3964 recordatio
503 3905 583 3963 tanti
604 3903 732 3980 doloris,
763 3906 876 3978 quanto
898 3922 964 3962 cum
984 3920 1086 3962 omnes
1108 3901 1187 3961 cives
1207 3905 1271 3960 tum

171 4003 345 4081 Augustum
379 4005 517 4066 affectum
551 4024 616 4066 esse
649 4008 760 4082 ferunt,
794 4014 829 4065 ut
864 4006 943 4065 diem
977 4006 1072 4064 cladis
1108 4005 1270 4081 quotannis

172 4114 317 4168 maestum
337 4110 477 4169 habuerit
497 4127 532 4168 ac
552 4108 748 4186 lugubrem.¹)
790 4108 907 4168 Nostro
930 4109 1025 4185 igitur
1047 4109 1111 4167 iure
1134 4108 1270 4166 etiamsi

171 4212 272 4270 omina
302 4212 422 4288 infesta,
453 4212 561 4287 quibus
588 4212 739 4288 pernicies
767 4212 822 4269 illa
838 4212 994 4270 declinari
1017 4216 1170 4289 potuerat,
1200 4210 1270 4268 defi-

170 4314 268 4374 ciente
296 4316 356 4375 alio
384 4324 507 4376 auctore
533 4316 624 4392 plane
645 4317 832 4392 ignoramus,
858 4334 896 4374 ex
917 4317 1049 4391 querelis
1069 4320 1179 4391 poetae
1200 4331 1270 4372 con·

170 4418 318 4478 cludimus
343 4419 456 4479 vixisse
481 4438 548 4479 eum
574 4423 665 4494 atque
693 4418 783 4478 etium
812 4420 979 4496 scripsisse,
1010 4437 1076 4477 cum
1102 4418 1271 4494 ignominia

246 4633 267 4706 ¹)
287 4624 362 4690 Suet.
381 4632 442 4690 Oct.
461 4651 485 4691 c.
503 4638 545 4694 23.
