2880 5182
660 378 927 460 --ao--x

213 581 279 622 cum
305 569 473 623 monstrare
499 563 634 639 quamvis
660 563 783 623 volebat
804 580 865 620 non
886 562 1055 638 potuit-
1076 561 1217 622 Ceterum
1238 579 1312 638 quo·

213 668 294 726 niam
328 668 359 725 in
395 666 605 726 enumerandis
642 666 773 725 siderum
808 667 957 742 genituris
988 667 1128 726 omnibus
1160 666 1312 724 orationis

213 771 426 847 aequabilitati
456 771 531 829 satis
562 788 672 847 operae
698 769 785 829 dedit
809 775 848 845 et,
879 769 960 844 quod
986 771 1125 845 equidem
1151 769 1252 844 sciam,
1285 770 1311 828 ei

213 874 367 949 exceperis
380 873 516 949 Libram,
537 873 574 931 de
590 891 648 948 qua
662 876 770 947 postea
784 873 952 931 accuratius
967 873 1145 948 videbimus,
1165 891 1202 932 ne
1216 890 1309 931 unum

214 977 333 1052 quidem
354 976 437 1035 sidus
463 977 525 1035 ulla
550 976 639 1035 laude
664 976 834 1053 insignivit,
856 976 928 1050 quid
949 985 1004 1052 est,
1025 995 1078 1036 cur
1098 980 1220 1053 poetam
1240 976 1311 1034 eliis

212 1077 444 1156 scriptoribusss)
481 1078 690 1139 conferamus?
739 1079 790 1137 An
824 1079 955 1138 Iacobus
984 1080 1205 1156 pervestigavit
1235 1097 1312 1152 eum,

211 1181 296 1240 cuius
319 1183 488 1259 exemplum
510 1180 649 1242 omnibus
671 1183 803 1242 numeris
824 1181 1051 1258 exprimendum
1071 1170 1323 1242 Astronomioon⁸

210 1291 318 1343 auctor
345 1285 405 1343 sibi
430 1284 613 1362 proposuit?
656 1286 724 1359 Qua
744 1286 775 1343 in
796 1304 828 1344 re
849 1286 939 1345 etiam
961 1285 998 1344 0.
1020 1284 1177 1363 Gruppius
1198 1287 1312 1344 frustra

210 1388 284 1447 mihi
311 1388 433 1447 videtur
459 1407 562 1447 omnes
589 1407 698 1449 nervos
724 1389 927 1465 contendisse,
954 1407 1020 1449 curn
1040 1390 1212 1466 nuperrime
1232 1389 1311 1448 Var-

209 1491 295 1550 ronis
324 1490 555 1568 disciplinarum
584 1492 696 1552 librum
727 1494 774 1551 Vl
800 1513 818 1553 a
842 1492 974 1553 Manilio
995 1491 1133 1552 versibus
1161 1493 1312 1552 inclusum

210 1611 275 1653 esse
295 1595 426 1670 probare
447 1593 616 1669 studereti)

289 1696 374 1770 Quae
394 1699 452 1758 etsi
474 1699 518 1756 ita
538 1702 618 1774 sunt,
642 1716 704 1756 non
725 1704 825 1758 tamen
846 1698 970 1758 dubium
991 1698 1142 1774 existimo,
1164 1700 1237 1775 quin
1259 1699 1310 1758 Ti·

209 1801 287 1860 berii
313 1801 413 1860 thema
439 1802 471 1859 in
497 1801 737 1862 Astronomicon
764 1807 872 1877 quarto
899 1802 953 1861 illo
981 1819 1069 1877 quem
1094 1803 1214 1862 ostendi
1240 1802 1310 1861 loco

209 1905 351 1982 supersit.
396 1902 469 1964 Non
495 1909 541 1962 est
566 1905 645 1964 enim
672 1911 907 1964 consentaneum
931 1887 1107 1979 Manilium,¹
1128 1910 1163 1963 ut
1188 1905 1312 1963 fatalem

209 2008 341 2067 omnium
378 2025 478 2067 rerum
519 2008 730 2067 necessitatem
770 2009 801 2065 in
842 2008 965 2084 ignibus
1006 2008 1187 2066 caelestibus
1222 2008 1311 2065 sitam

208 2116 397 2187 coargueret,
423 2110 461 2167 ab
489 2110 676 2185 aequalibus,
703 2128 832 2186 quorum
852 2127 938 2168 casus
960 2109 1127 2168 clarissima
1146 2128 1236 2169 verae
1256 2110 1311 2169 do-

208 2213 323 2271 ctrinae
355 2215 493 2290 exempla
524 2230 588 2272 esse
618 2213 750 2289 possint,
780 2213 818 2271 ad
849 2215 968 2290 priores
989 2214 1173 2273 discessisse.
1212 2213 1311 2288 Atqui

172 2303 178 2314 '
208 2316 235 2373 si
260 2316 319 2374 iam
345 2317 388 2393 (p.
409 2316 440 2391 9)
468 2320 598 2388 constat,
627 2316 770 2391 Augusto
799 2317 919 2376 saeculo
945 2317 1059 2376 vixisse
1084 2324 1216 2394 poetam,
1247 2324 1309 2378 tum

209 2419 328 2492 quidem
350 2437 435 2479 nemo
457 2426 488 2477 et
507 2418 681 2476 faventibus
697 2416 866 2493 Scorpione
888 2436 943 2477 nec
958 2436 1042 2478 secus
1058 2418 1227 2495 Sagittario
1243 2438 1309 2479 oum

206 2523 341 2581 Arcturo
363 2520 563 2598 triumphavit
584 2527 623 2596 et,
645 2521 798 2580 saeviente
819 2540 880 2580 non
901 2522 992 2580 modo
1014 2522 1076 2582 telo
1100 2521 1308 2581 Arcitenentis

207 2643 310 2683 verum
336 2626 426 2684 etiam
452 2626 548 2684 cauda
573 2625 680 2702 Nepae
707 2625 855 2699 Fortuna,
880 2627 957 2684 facie
983 2626 1083 2685 laesus
1104 2627 1162 2685 fuit
1187 2633 1310 2703 praeter

208 2728 373 2789 Tiberium.
422 2730 475 2789 Ad
504 2730 584 2789 hunc
614 2730 709 2805 igitur
739 2730 897 2789 referenda
926 2730 1078 2803 videntur,
1115 2746 1309 2804 quaecunque

208 2833 360 2891 sideribus
382 2833 444 2891 illis
466 2834 641 2909 astrologus
662 2834 813 2894 attribuit.
853 2833 900 2892 Ac
921 2833 1065 2908 quoniam
1084 2832 1257 2908 Augustum
1277 2833 1309 2891 in

208 2935 299 2994 simili
324 2936 440 2994 honore
466 2936 571 2994 haberi
597 2954 658 2994 nou
684 2936 764 3011 licet,
790 2936 928 3011 profecto
951 2952 1072 2994 necesse
1094 2941 1140 2993 est
1160 2940 1196 2994 ut
1216 2953 1309 3012 supra

206 3039 370 3097 concludas
391 3042 559 3112 quartum
581 3040 700 3114 quidem
715 3038 954 3098 Astronomieon
975 3039 1086 3098 librum
1106 3040 1309 3115 compositum

208 3160 273 3201 esse
294 3148 367 3218 post
386 3147 535 3201 mortuum
558 3141 767 3203 Octavianum.

284 3245 352 3318 Quo
386 3245 484 3304 denuo
516 3247 647 3323 probato
678 3264 724 3305 me
751 3264 875 3321 sequere
896 3246 937 3304 sis
959 3247 990 3304 in
1012 3247 1121 3320 locum,
1154 3263 1240 3321 quem
1261 3245 1306 3306 in·

207 3347 313 3423 primis
334 3347 501 3406 Merkelius
526 3367 580 3407 nec
600 3366 662 3408 non
682 3348 812 3407 Iacobus
833 3349 1110 3424 frequentaverunt.
1151 3349 1210 3408 Est
1230 3350 1309 3409 enirn

209 3450 343 3508 eiusdem
363 3450 436 3510 libri
456 3450 527 3509 inde
548 3468 566 3509 a
586 3468 629 3508 vs.
651 3453 707 3510 763
727 3451 913 3526 compositus
934 3451 982 3510 his
1001 3451 1118 3510 verbis:

311 3577 442 3648 „Virgine
460 3581 511 3634 sub
531 3584 609 3634 easta
627 3579 692 3633 felix
709 3581 837 3649 terraque
856 3579 979 3649 merique

309 3665 361 3719 nst
377 3667 533 3734 Rhodos,
551 3665 742 3735 hospitium
761 3666 890 3719 recturi
908 3665 1080 3736 principis
1099 3667 1215 3721 orbem

310 3751 434 3820 Tumque
453 3753 551 3805 domus
569 3766 633 3804 vere
652 3749 734 3818 Solis,
752 3751 795 3805 cui
812 3753 874 3804 tota
891 3755 1002 3805 sacrate
1020 3756 1071 3817 est,

311 3836 380 3891 (lum
399 3838 511 3907 caperet
528 3836 641 3891 lumen
659 3835 772 3906 magni
789 3837 850 3890 sub
869 3835 1017 3891 Caesare
1036 3838 1170 3892 mundi.“

283 3963 352 4022 Hac
382 3965 414 4022 in
445 3964 586 4023 carminis
615 3969 726 4040 parta·
743 3964 796 4023 nbi
827 3967 934 4024 auctor
961 3967 1064 4026 orbem
1085 3976 1232 4026 terrarum
1252 3987 1307 4043 per

207 4094 410 4107 1—-

274 4178 297 4265 i)
318 4177 371 4234 Cir.
392 4177 484 4234 Germ.
502 4179 583 4234 Aret.
601 4180 746 4236 sea-413.
781 4179 802 4246 ⁹)
820 4180 942 4236 Hermae
959 4181 1011 4238 vol.
1029 4181 1080 4251 XI,
1097 4200 1124 4253 p.
1143 4182 1270 4240 235-39.
