2880 5182
704 756 829 860 39⁵..
925 844 928 849 .

166 983 287 1046 errare?
330 983 413 1058 Quin
438 987 537 1061 etiam,
566 991 601 1044 ut
621 991 737 1044 ceteras
758 985 891 1061 ineptias
912 986 1020 1046 merito
1042 985 1166 1047 silentio
1187 1005 1273 1064 prae·

166 1093 287 1164 teroem,
314 1088 449 1148 Jacohus
476 1108 540 1148 eam
566 1091 597 1147 in
624 1089 828 1166 suspicionem
855 1085 947 1163 ienit,
974 1096 1009 1148 ut
1028 1090 1144 1149 cladem
1164 1089 1273 1150 Varia-

167 1209 235 1250 nam
258 1195 330 1251 ante
357 1210 505 1251 secessum
525 1192 679 1252 Rhodium
704 1193 850 1252 accidisse
872 1194 993 1269 opinari
1013 1194 1161 1253 videatur.
1200 1193 1273 1252 Non
1391 1254 1394 1258 ,

166 1295 248 1355 enim
269 1297 444 1374 explicavit,
471 1296 547 1355 duae
568 1297 639 1355 illae
660 1298 837 1373 sententiae,
860 1314 936 1371 quae
957 1303 1028 1356 sunt
1048 1298 1144 1357 altera
1165 1297 1272 1374 (praef,

165 1418 195 1476 p.
219 1398 281 1474 17);
305 1399 402 1458 Primi
423 1401 494 1459 libri
516 1401 622 1476 scripti
645 1403 717 1459 sunt
737 1400 863 1458 Tiberio
885 1400 989 1460 Rhodi
1012 1402 1155 1483 exulante
1175 1419 1273 1475 neque

165 1520 298 1578 unquam
319 1504 455 1562 ultimam
474 1522 592 1562 manum
613 1504 751 1579 experti“
772 1505 869 1563 altera
889 1506 975 1580 prius
996 1504 1040 1580 (p.
1056 1505 1104 1580 16)
1125 1502 1273 1564 iudicata:

164 1607 301 1666 Primum
321 1608 433 1667 librum
452 1626 514 1666 non
535 1607 586 1665 diu
607 1612 679 1684 post
699 1606 813 1665 cladem
834 1606 1001 1666 Varianam
1022 1608 1141 1666 linitum
1160 1607 1274 1665 dicas.“

166 1743 205 1755 -
229 1730 359 1788 quanam
384 1719 471 1788 parte
497 1714 702 1772 cohaererent.
743 1710 796 1768 An
823 1711 919 1769 libros
940 1711 973 1769 ΙΙ
999 1716 1030 1770 et
1049 1711 1099 1770 III
1120 1715 1190 1768 ante
1210 1711 1273 1786 pri·

168 1832 245 1874 mum
269 1833 288 1873 a
311 1821 404 1891 poeta
431 1819 519 1892 putat
546 1832 610 1874 esse
635 1815 810 1876 confectos?
851 1816 937 1875 Haec
964 1834 1012 1875 res
1034 1816 1173 1874 inaudita
1193 1816 1275 1875 foret

170 1917 201 1975 in
224 1919 379 1978 literarum
400 1919 605 1979 Romanarum
630 1919 769 1978 historia.
809 1919 860 1978 An
881 1920 977 1979 cladis
999 1920 1182 1978 mentionem
1203 1919 1272 1995 plus

170 2022 267 2082 lustro
288 2028 361 2099 post
381 2024 525 2083 incohata
538 2025 767 2087 Astronomica,
779 2025 866 2099 quasi
887 2025 1017 2084 calidam
1031 2041 1096 2082 esse
1111 2023 1273 2084 insertam?

168 2125 238 2186 Hoc
258 2127 413 2186 iudicandi
434 2129 518 2188 nulla
537 2148 664 2206 prorsus
686 2131 863 2192 conceditur
884 2133 1033 2205 potestas.

245 2229 362 2306 Itaque,
390 2250 427 2290 ne
454 2233 566 2291 multus
592 2234 658 2308 sim,
683 2236 765 2309 quod
791 2234 823 2292 in
851 2231 981 2291 carmine
1008 2229 1125 2289 Tiberii
1151 2230 1275 2303 exilium

170 2338 284 2392 tactum
304 2352 369 2394 esse
390 2337 563 2412 conicimus,
585 2337 645 2396 hoc
664 2337 702 2396 iis
719 2344 836 2396 tantum
849 2315 998 2408 versibus,
1021 2334 1072 2407 qui
1087 2333 1119 2391 in
1132 2333 1212 2392 libro
1227 2333 1275 2394 IV

148 2438 206 2496 ·de
227 2436 332 2497 Rhodi
358 2439 505 2498 felicitate
525 2441 684 2517 habentur,
710 2458 869 2517 possumus
889 2428 1113 2513 quodammodo
1135 2437 1276 2513 probare.

169 2541 349 2617 Quanquam
371 2543 444 2617 quid
464 2543 533 2601 dico
555 2544 705 2620 probare?
736 2543 847 2603 Nonne
868 2544 922 2602 illo
944 2542 1084 2618 principe
1105 2540 1183 2599 alios
1203 2558 1275 2615 quo·

171 2663 239 2721 que,
260 2647 313 2722 qui
334 2653 364 2705 et
384 2647 445 2723 ipsi
466 2647 631 2722 aliquando
644 2649 766 2710 ⁸recturi
780 2649 883 2707 orbem
897 2654 1045 2706 terrarum
1059 2647 1156 2719 erant,
1177 2644 1276 2703 insula

172 2748 297 2826 Virgini
319 2750 454 2809 obnoxia
474 2751 595 2809 liberali
615 2751 752 2827 hospitio
774 2736 905 2827 accipit?
935 2749 1038 2808 Unum
1059 2748 1179 2823 quidem
1196 2747 1277 2807 inter

169 2870 272 2912 omnes
303 2858 425 2913 constat
454 2856 536 2931 apud
565 2855 706 2914 Rhodios
737 2861 889 2914 versatum
920 2871 985 2912 esse
1017 2852 1130 2911 maiore
1159 2853 1275 2911 honore

170 2974 260 3032 quam
280 2960 425 3016 maestum
447 2958 533 3017 illum
552 2959 660 3017 Liviae
681 2959 784 3017 tilium.
816 2958 954 3016 Auctore
975 2956 1055 3015 enim
1077 2955 1185 3014 Tacito
1202 2953 1275 3014 Ger·

168 3061 317 3120 manicum
345 3062 483 3119 novimus
510 3062 655 3121 suadente
675 3068 763 3138 patre
785 3061 816 3118 in
837 3061 945 3119 Asiam
957 3060 1216 3136 proficiscentem,
1242 3064 1276 3117 ut

168 3170 283 3223 motum
306 3163 461 3224 Orientem
488 3169 622 3242 pacaret,
648 3183 713 3223 curn
739 3182 846 3223 navem
872 3164 903 3220 in
923 3164 1053 3222 traiectu
1074 3162 1112 3220 ad
1134 3161 1277 3221 Rhodum

170 3268 349 3345 appulisset,
379 3269 438 3327 hoc
468 3269 536 3327 loco
568 3269 687 3342 aliquot
716 3268 781 3326 dies
812 3268 944 3328 animum
975 3265 1135 3325 remisisse.
1185 3265 1277 3324 Alter

171 3376 285 3447 autem,
318 3371 465 3431 Claudius
494 3370 595 3444 Nero,
628 3373 679 3446 qui
709 3372 914 3448 principatum
944 3370 1073 3446 adeptus
1105 3368 1278 3427 libertatem

169 3473 302 3532 Rhodiis
328 3473 498 3550 ademptam
525 3475 669 3550 reddidit,
695 3476 816 3534 videtur
841 3492 894 3534 eos
919 3474 1041 3549 adiisse,
1067 3476 1102 3532 ut
1126 3473 1165 3531 ad
1190 3471 1277 3530 resti·

169 3578 311 3637 tuendam
332 3577 421 3637 Jovis
443 3579 604 3653 colossum,
632 3580 684 3654 qui
704 3584 802 3638 terrae
823 3584 907 3637 motu
928 3576 1111 3652 conciderat,
1132 3575 1277 3652 pecunias

167 3680 298 3741 afferret.
342 3681 422 3741 Nam
454 3681 517 3740 eius
549 3683 636 3757 quasi
666 3682 793 3741 alterius
821 3681 903 3741 Solis
934 3681 966 3738 in
996 3680 1145 3738 honorem
1176 3680 1278 3738 ferunt

169 3783 365 3860 Antiphilum
385 3785 587 3862 Byzantinum
609 3785 792 3861 epigramma
813 3783 1040 3859 conscripsisse,
1069 3782 1150 3857 quod
1171 3782 1277 3841 inscri-

170 3887 266 3946 bitur:
293 3895 337 3958 Εἰς
356 3895 447 3952 Ῥόδον
469 3899 514 3970 τὴν
536 3902 618 3969 νῆσον,
640 3897 681 3952 ὅτε
699 3896 788 3973 Νέρων
811 3900 836 3952 ἐν
859 3897 921 3969 αὐτῇ
944 3897 1084 3969 παρεγίνετο
1107 3897 1147 3950 διὰ
1168 3896 1211 3950 τὸν
1233 3915 1276 3950 κο-

168 3999 299 4070 locaras)
339 3993 442 4067 Atque
473 3993 573 4068 etiam,
606 3992 688 4067 quod
712 3992 751 4050 ad
776 4010 839 4051 rem
864 3991 1026 4068 plurimum
1052 3991 1135 4066 iacit,
1166 3989 1276 4049 illido

171 4095 282 4171 quibus
306 4096 422 4171 agimus
444 4094 516 4154 libri
538 4096 638 4169 quarti
659 4113 763 4154 versus
784 4095 904 4154 rationo
925 4099 956 4153 et
976 4113 1091 4179 morum
1112 4100 1142 4153 et
1161 4098 1277 4170 tempo·

170 4217 236 4259 rum
261 4199 367 4258 habita
391 4199 498 4258 melius
523 4198 709 4258 conveniunt
731 4197 910 4259 Germanico
933 4215 1021 4272 quarn
1042 4197 1177 4258 Tiberio.
1209 4195 1278 4269 Qua

168 4319 200 4361 re
233 4307 393 4378 perspecta
428 4302 500 4375 (erit
530 4307 631 4360 autem
660 4302 800 4378 pluribus
832 4301 1013 4377 explicanda
1042 4299 1162 4376 postea)
1193 4299 1276 4357 illius

173 4405 302 4481 relegati
325 4405 451 4479 mentio,
477 4423 553 4481 quaa
579 4406 660 4482 apud
680 4405 842 4466 Manilium
866 4403 1039 4465 hominibus
1060 4401 1159 4462 doctis
1179 4401 1278 4463 adhuc

167 4658 171 4664 .
236 4618 268 4691 1⁵)
286 4622 349 4676 Jac.
367 4636 460 4692 progr.
478 4620 585 4675 Lubec.
603 4638 630 4692 p.
649 4623 673 4676 6.
