2880 5182
613 760 823 822 ..11-

166 945 304 1004 recedere
332 962 483 1022 cogamur.
524 943 640 1004 Narrat
664 945 753 1021 euim,
779 945 860 1020 quod
887 944 1055 1004 Merkelius
1082 945 1147 1021 ipse
1173 934 1277 1022 addit,

165 1045 331 1106 Suetonius
353 1048 475 1106 omnino
490 1048 627 1125 Augusti
647 1067 756 1107 nomen
772 1051 809 1108 ab
826 1049 880 1109 ilio
896 1055 1039 1124 tanquam
1053 1048 1269 1109 hereditarium

164 1150 305 1226 epistolis
331 1150 370 1209 ad
395 1169 481 1226 reges
511 1169 545 1209 ac
572 1150 716 1226 dynastas
743 1154 841 1211 missis
869 1171 934 1211 esse
960 1153 1189 1229 praescriptum.
1231 1155 1268 1212 lu

164 1255 291 1313 nummis
315 1273 434 1329 quoque
456 1257 555 1314 aureis
575 1257 753 1332 plerumque
775 1255 900 1315 Graecis
922 1255 953 1314 id
974 1256 1040 1331 ipse
1062 1256 1268 1315 excudendum

163 1358 290 1416 curavit.
341 1357 383 1416 Et
422 1358 460 1416 ab
502 1355 645 1434 Ovidioss)
680 1360 844 1433 aliquoties
878 1358 1039 1432 Augustus
1074 1357 1194 1417 dicitur.
1231 1393 1267 1401 -

161 1460 303 1535 Denique
325 1481 343 1520 a
364 1462 481 1520 Tiberii
503 1461 641 1521 consiliis
663 1462 838 1537 neutiquam
853 1461 1006 1535 abhorret,
1030 1461 1112 1536 quod
1126 1463 1268 1522 laudatur

162 1564 221 1622 hoe
241 1583 343 1624 versu:

259 1666 523 1742 „Concessumquo
543 1667 625 1743 patri
648 1667 790 1724 mundum
811 1666 900 1725 deus
922 1667 1002 1742 ipse
1024 1667 1175 1726 mereris“.

165 1772 287 1831 Etenim
312 1773 403 1830 etiam
428 1772 455 1828 si
480 1771 603 1846 templa,
635 1776 669 1828 ut
695 1774 826 1830 testatur
852 1769 1026 1840 Suetonius,
1057 1771 1190 1830 flamines
1223 1791 1267 1831 sa·

164 1876 300 1935 cerdotes
325 1876 447 1934 decerni
473 1875 532 1932 sibi
557 1874 726 1950 prohibuit,
754 1875 844 1932 etiam
872 1877 987 1932 statuas
1009 1878 1099 1947 atque
1120 1874 1267 1950 imagines

163 1979 222 2037 nisi
246 1978 441 2055 permittente
468 1996 499 2037 se
525 1979 610 2054 poni,
636 1978 833 2054 permisitque
862 1997 896 2036 ea
922 1979 988 2036 sola
1014 1979 1204 2052 condicione,
1230 1984 1266 2038 ire

73 2146 78 2155 ,
162 2083 242 2141 inter
263 2082 423 2141 simulacra
442 2082 567 2140 deorum
583 2080 635 2138 sed
651 2081 732 2140 inter
747 2088 923 2139 ornamenta
938 2082 1056 2139 aedium
1070 2086 1266 2158 ponerentur,

162 2185 252 2243 etiam
284 2185 310 2242 si
339 2185 431 2244 talem
462 2184 593 2242 animum
624 2185 689 2259 ipse
717 2203 869 2259 nunquam
897 2185 1026 2244 mutavit
1055 2219 1092 2227 -
1123 2186 1154 2242 in
1181 2185 1266 2244 Urbe

161 2294 261 2347 tamen
291 2295 321 2347 et
352 2289 384 2345 in
414 2288 582 2364 prouinciis
614 2306 675 2345 non
706 2289 796 2346 modo
828 2288 889 2363 ipsi
920 2305 1023 2345 verum
1053 2288 1144 2346 etiam
1175 2289 1265 2346 matri

161 2391 282 2448 diuinos
303 2391 435 2450 honores
457 2391 591 2450 tributos
608 2409 673 2450 esse
688 2392 768 2450 inter
784 2410 886 2450 ornnes
901 2391 1061 2467 constati)
1093 2392 1171 2451 Erat
1185 2411 1266 2467 seue,

160 2498 194 2551 ut
215 2493 259 2552 ait
272 2493 405 2568 Plinius,
426 2496 657 2554 venustissimus
678 2496 828 2554 referendi
843 2496 920 2553 bene
935 2495 1119 2553 merentibus
1134 2497 1265 2571 gratiam

160 2613 234 2671 moe,
255 2600 291 2655 ut
311 2598 387 2655 tales
409 2599 584 2656 numinibus
605 2599 824 2657 adscriberent.
858 2598 998 2657 Ceterum
1020 2599 1266 2673 quandoquidem

160 2702 247 2759 deum
265 2718 339 2758 'esse
366 2719 469 2758 omnes
496 2705 613 2776 patrem
634 2701 837 2775 crediderunt,
865 2702 913 2758 vel
935 2701 1004 2759 inde
1026 2720 1179 2760 sacrorum
1198 2702 1265 2777 lege

159 2804 239 2862 filius
260 2804 377 2880 etipse
399 2805 489 2863 etiam
509 2805 624 2863 invitus
645 2806 705 2863 fuit
724 2805 879 2881 particeps
900 2805 1081 2864 divinitatis
1114 2804 1211 2878 Quam
1225 2806 1264 2863 ob

161 2924 222 2965 rem
251 2907 447 2966 admirationi
478 2927 540 2966 non
566 2913 621 2984 est,
654 2910 735 2983 quod
763 2910 793 2966 iu
823 2908 1022 2983 inscriptione
1049 2907 1178 2982 quadam
1203 2909 1263 2966 duo

162 3009 295 3068 flamines
319 3018 591 3069 commemorentur
613 3013 682 3072 Tib.
706 3012 791 3070 Caes,
811 3010 987 3086 Augusti.⁸)

240 3112 322 3186 Quae
344 3114 475 3172 comita
500 3115 571 3189 siut,
596 3115 705 3173 hincne
729 3115 866 3189 quaestio
889 3119 995 3172 nostra
1015 3114 1097 3173 haud
1117 3131 1264 3191 prospere

158 3215 265 3275 cedet?

234 3319 328 3377 Immo
363 3318 453 3377 nobis
485 3319 606 3393 quidem
636 3324 821 3395 augustae
853 3319 934 3393 leges
966 3320 1051 3378 nullo
1083 3321 1143 3379 iam
1173 3326 1263 3397 pacto

157 3423 370 3498 probarentur,
392 3422 418 3479 si
439 3423 477 3479 ad
501 3423 702 3480 Octavianum
722 3423 921 3498 pertinerent.

237 3525 312 3584 Oum
332 3524 396 3583 ucri
419 3529 500 3584 certe
522 3527 563 3584 sit
584 3526 768 3584 simillimum
789 3545 853 3584 cam
872 3525 1015 3584 adiectivi
1030 3525 1166 3602 formam,
1189 3545 1264 3602 quae

157 3632 204 3687 est
232 3629 427 3704 „augustus“,
453 3629 587 3687 derivari
613 3649 631 3687 a
656 3630 776 3687 nomino
804 3629 949 3704 Augusti,
976 3630 1019 3687 ita
1044 3633 1078 3688 ut
1103 3629 1264 3706 Augustae

156 3731 238 3806 leges
249 3729 391 3790 dieantur
401 3750 458 3806 pro
472 3732 732 3807 legibusAugusti
744 3750 838 3806 aeque
849 3750 884 3790 ac
894 3750 956 3807 pax
968 3738 999 3790 et
1009 3733 1265 3810 domusAugusta

158 3834 240 3908 apud
263 3832 407 3894 Ovidium
429 3869 465 3876 -
488 3836 555 3910 quis
578 3839 632 3906 est,
656 3837 707 3910 qui
728 3836 817 3893 uobis
837 3836 1019 3910 persuadeat
1041 3837 1123 3895 istud
1140 3838 1264 3896 adiecti-

156 3955 224 3995 vum
245 3937 369 3995 eandem
390 3938 449 3996 vim
463 3939 574 3997 habere
591 3957 679 4013 quum
696 3939 945 4013 „sacrosanctus‘
960 3940 1023 3997 sive
1038 3940 1264 4014 „inviolatus“?

156 4037 229 4098 Siue
261 4057 362 4099 errore
397 4041 491 4116 igitur
523 4042 646 4099 nomina
674 4041 814 4100 Caesaris
847 4048 937 4116 atque
963 4042 1098 4118 Augusti
1129 4044 1154 4101 si
1185 4045 1264 4103 inter

158 4143 319 4218 legendum
344 4145 564 4219 exaudivimus,
591 4145 664 4204 mire
690 4146 830 4220 profecto
855 4163 1010 4220 lucensque
1032 4165 1173 4222 perverso
1194 4165 1264 4204 con-

156 4245 288 4305 firmavit
307 4251 401 4323 poeta
420 4248 499 4306 hanc
521 4249 718 4307 sententium:
750 4249 827 4324 „Tm
850 4248 962 4308 Caesar
984 4249 1161 4324 Octauiana,
1183 4251 1264 4325 regis

224 4477 247 4547 ⁶)
265 4477 346 4533 Fast.
365 4478 387 4542 I,
404 4480 464 4532 531.
499 4479 543 4532 Ex
561 4479 654 4534 Ponto
672 4479 726 4547 IV,
745 4482 769 4548 9,
788 4485 830 4538 70.
865 4480 886 4549 ⁷)
907 4482 977 4535 Tac.
994 4479 1068 4536 Arm.
1086 4480 1139 4549 IV,
1157 4483 1259 4537 36-38

155 4564 228 4621 Plin.
248 4563 284 4620 N.
303 4565 340 4620 H.
358 4564 396 4632 II,
414 4567 438 4632 7,
457 4582 484 4635 p.
505 4567 555 4620 106
573 4566 612 4623 Si
647 4566 668 4637 8)
687 4567 743 4622 cu.
760 4569 834 4625 Anu.
852 4566 905 4635 IV,
923 4568 963 4621 15.
