2880 5182
624 369 837 430 ..65-

177 554 327 617 Merkelio
351 555 451 615 iudice
471 553 633 631 probabile
648 560 695 614 est
707 554 879 615 meminisse
893 573 960 615 eum
973 554 1057 633 pacis
1072 561 1142 616 ante
1156 556 1287 617 hiberna

176 679 203 720 a.
224 660 265 720 U.
286 663 352 732 769,
373 659 483 734 quibus
503 658 614 735 positis
636 655 885 718 eGermanorum
905 658 1016 718 finibus
1031 658 1159 718 Romam
1179 660 1287 719 trium·

174 764 290 842 phandi
311 780 402 822 cansa
422 762 562 821 redierat.
593 761 673 821 Nam
685 778 790 820 versus
806 762 864 820 iste
880 760 1050 822 Ouidianus
1064 763 1108 821 ita
1122 762 1283 839 ambiguus

176 872 232 946 est,
256 873 292 926 ut
311 867 402 926 etiam
422 866 455 923 in
476 883 562 925 omne
583 865 749 924 carminum
767 865 997 925 condendorum
1018 864 1153 926 studium
1172 865 1285 940 valeat,

175 989 273 1047 neque
298 969 396 1029 acrius
423 973 541 1045 spectat
566 968 605 1026 ad
625 967 743 1027 Aratea
770 986 859 1043 qnam
884 970 922 1028 ad
944 968 1116 1029 comoedias
1139 967 1284 1045 Graecas,

175 1093 250 1150 quas
275 1094 293 1134 a
314 1073 444 1134 Caesare
469 1072 653 1149 compositas
679 1089 744 1131 esse
766 1071 960 1149 Suetonium)
987 1076 1129 1132 testatur.
1170 1071 1220 1130 Aa
1244 1089 1283 1131 ne

173 1179 232 1237 hoc
251 1177 372 1253 quidem
392 1193 513 1236 necesse
532 1176 655 1235 videtur
674 1193 690 1235 e
709 1176 849 1235 versibus
870 1177 1034 1236 Fastorum
1054 1176 1079 1252 I,
1101 1179 1147 1253 23,
1168 1175 1223 1234 242

328 1288 461 1357 „Scimus¹
479 1291 508 1342 et
526 1287 562 1341 ad
580 1290 690 1342 nostras
709 1303 770 1342 cnm
789 1305 819 1343 se
837 1288 902 1343 tulit
918 1288 1039 1358 impetus
1063 1291 1146 1355 artes,

360 1374 467 1444 Ingenii
484 1378 595 1428 canant
612 1373 725 1428 flumina
742 1378 847 1444 quanta
864 1375 930 1442 tui“,

174 1486 253 1546 unde
279 1485 356 1544 nihil
382 1503 508 1563 prorsus
536 1488 666 1563 amplius
694 1503 782 1561 quam
802 1491 833 1544 et
854 1485 999 1545 Ovidium
1019 1492 1050 1545 et
1071 1483 1286 1544 Germanicum

173 1590 233 1650 arti
257 1590 396 1667 poeticae
421 1607 529 1649 vacare
556 1590 777 1666 cognoscimur,
804 1607 860 1649 nos
887 1590 1013 1665 efficere,
1040 1593 1075 1646 ut
1094 1588 1150 1647 illo
1171 1592 1285 1648 retrac-

171 1698 257 1754 tante
278 1693 390 1753 Festos
416 1694 498 1753 hunc
524 1693 584 1752 iam
603 1693 702 1752 Arato
723 1693 818 1753 latino
838 1692 1070 1768 interpretando
1091 1696 1159 1750 toto
1180 1691 1284 1750 animo

173 1814 204 1857 se
229 1797 349 1857 dedisse
378 1813 560 1857 censeamus.
600 1796 651 1855 An
678 1797 759 1872 quod
786 1793 917 1855 Ouidius
944 1794 976 1852 in
1001 1793 1104 1854 Fastis
1125 1794 1150 1869 I,
1176 1798 1214 1854 67
1235 1795 1285 1854 Ia-

171 1919 242 1960 num
264 1905 345 1962 orat:

360 2012 482 2080 „Dexter
500 2012 567 2067 ades
585 2011 708 2079 ducibus,
726 2027 840 2082 quorum
858 2028 954 2068 secura
971 2010 1068 2066 labore

359 2098 441 2153 Otia
457 2102 551 2154 terra
567 2098 655 2166 ferax,
674 2099 746 2153 otia
763 2103 890 2168 pontus
907 2099 1044 2165 habet“,

170 2210 245 2269 haee
264 2213 369 2286 potest
389 2228 453 2270 esse
473 2228 573 2286 causa,
599 2228 653 2269 cur
671 2211 822 2270 Merkelio
844 2211 1042 2270 concedamus
1065 2229 1132 2270 eum
1151 2215 1223 2269 aute
1247 2211 1281 2269 in

172 2312 344 2373 Germanici
365 2311 527 2391 carminat)
548 2314 676 2390 legisse:

324 2432 372 2501 „Si
388 2434 487 2489 Venus
504 2435 632 2504 ingressa
649 2437 693 2488 est
711 2434 828 2505 spatiosi
846 2434 939 2489 sidera
957 2435 1059 2502 caneri,

323 2520 446 2575 Pacem
465 2520 608 2575 mundus
625 2522 742 2587 habet;
761 2521 882 2575 nonulli
901 2536 1018 2590 corpora
1036 2520 1110 2577 soles

323 2607 455 2663 Pestiferi
473 2607 623 2662 incendunt
640 2624 665 2663 e.
683 2624 728 2677 qu.
747 2609 803 2662 s.“t

168 2726 266 2786 Aliud
285 2727 397 2787 sentire
418 2729 507 2805 hunc,
527 2729 612 2787 aliud
632 2728 718 2788 illum
738 2746 793 2805 per
813 2746 844 2787 se
866 2727 966 2804 ipsum
985 2733 1080 2804 patet.
1120 2728 1191 2787 Hoc
1209 2730 1279 2786 tan·

168 2833 231 2889 tum
253 2830 317 2889 sine
337 2832 401 2889 nlla
422 2831 615 2891 dubitatione
636 2831 875 2892 confirmaverim
891 2830 1051 2892 Caesarem
1071 2833 1161 2891 armis
1182 2832 1279 2907 depo·

167 2934 235 2993 sitis
262 2933 417 3011 triumpho
443 2935 480 2995 de
503 2935 685 2996 Germanico
711 2940 789 3011 acto,
815 2953 881 2994 cum
903 2934 998 2994 otium
1018 2935 1071 2994 diu
1092 2936 1205 2995 frustra
1226 2953 1280 2994 ex·

169 3042 308 3114 optatum
334 3043 463 3098 nanctus
489 3043 578 3113 esset,
604 3056 678 3115 pace
705 3039 778 3097 anni
804 3042 860 3098 770
882 3037 927 3097 ita
947 3057 1034 3098 usum
1054 3056 1130 3116 esse,
1156 3043 1190 3097 ut
1209 3056 1280 3097 curn

168 3140 381 3201 astronomicis
412 3144 502 3202 rebus
532 3145 595 3202 tum
621 3141 711 3201 Arati
743 3141 935 3218 carminibus,
966 3160 1042 3218 quae
1074 3140 1278 3202 ornatissimis

166 3247 259 3320 atque
293 3245 417 3321 optimis
452 3247 599 3324 versibus,
632 3249 668 3306 ut
699 3246 744 3305 ait
775 3244 893 3321 Cicero,
927 3245 965 3304 de
1000 3246 1084 3305 eaelo
1116 3244 1277 3319 stellisque

166 3349 351 3425 composuit,
386 3349 566 3410 industriam
599 3354 631 3410 et
662 3368 764 3410 curam
798 3348 977 3426 impertiret.
1032 3347 1111 3408 Tum
1144 3346 1277 3421 denique

165 3450 204 3509 ad
225 3449 390 3528 Tiberium,
416 3453 501 3512 cuius
529 3454 633 3529 quales
658 3458 761 3514 essent
784 3471 883 3514 mores
907 3452 984 3511 mira
1004 3452 1120 3528 pietate
1141 3467 1208 3510 sero
1230 3450 1276 3507 in-

164 3554 296 3630 tellexit,
323 3573 377 3615 suo
403 3556 469 3616 iure
495 3558 626 3616 seribere
651 3559 764 3635 potuit,
791 3575 868 3633 quae
895 3560 967 3616 sunt
989 3556 1021 3614 in
1042 3554 1183 3615 carminis
1203 3570 1276 3629 pro·

166 3658 264 3718 oemio
285 3659 357 3718 inde
378 3678 396 3717 a
415 3659 531 3719 Phaen.
553 3679 581 3718 v.
602 3661 634 3720 5:

319 3769 477 3839 „Quantum
497 3771 598 3826 etenim
616 3774 733 3841 possent
751 3771 815 3826 anni
834 3770 990 3826 certissima
1007 3769 1096 3840 signa,

223 3920 227 3925 ,
319 3857 350 3912 si
368 3873 423 3911 non
440 3860 523 3926 parta
540 3858 618 3927 quies
637 3858 679 3911 'Pe
696 3858 826 3927 praeside
844 3857 983 3927 puppibus
1002 3872 1107 3928 aequor

318 3941 478 4014 cultorique
496 3944 576 3999 daret
593 3947 694 4012 terras,
712 3944 810 4014 procul
829 3960 907 3998 arma
925 3943 1070 3998 silerentl“

170 4048 374 4061 m

231 4098 254 4168 ⁴)
273 4098 348 4155 Suet.
369 4097 457 4170 (lalig.
475 4101 500 4155 3.
521 4126 555 4141 -
577 4098 648 4156 Plin.
665 4098 702 4156 N.
720 4099 757 4156 Η.
775 4101 801 4168 8,
818 4100 861 4168 42,
880 4099 937 4156 155.
990 4099 1013 4171 ⁵)
1031 4098 1155 4170 Breysig.
1171 4096 1273 4168 Progn.

162 4180 259 4255 fragm.
277 4183 328 4255 ΙΠ,
347 4187 390 4243 89.
