2880 5182
612 770 823 830 ..45-

167 964 223 1033 est,
250 959 343 1018 illum'
360 957 472 1015 vixisse
498 961 584 1014 ante
609 955 689 1013 hunc
715 953 870 1012 inductum
897 973 1017 1014 morem.
1056 955 1164 1030 Neque
1192 957 1272 1016 enim

166 1062 311 1120 credibile
339 1065 385 1120 est
411 1079 478 1119 eum
504 1059 579 1117 adeo
606 1057 752 1133 religiose
779 1059 817 1116 ab
843 1077 899 1116 usu
925 1060 1032 1118 horum
1052 1061 1273 1136 genetivorum,

166 1165 219 1239 qui
241 1165 362 1240 quidem
381 1167 482 1222 tantas
505 1162 563 1220 sibi
584 1161 761 1220 attulissent
781 1161 1020 1238 commoditates,
1046 1163 1200 1222 abstinere
1220 1182 1273 1222 vo·

165 1267 269 1342 luisse,
300 1268 326 1325 si
354 1266 475 1343 quidem
502 1265 562 1323 sibi
588 1282 625 1323 ex
652 1282 735 1323 more
761 1265 809 1322 sui
835 1264 947 1324 saeculi
974 1265 1012 1323 iis
1040 1267 1084 1324 uti
1109 1266 1273 1326 licuisset.“
1319 1276 1321 1280 ‘

166 1369 267 1429 Huius
294 1369 500 1430 conclusionis
524 1368 723 1428 Bentleianae
748 1369 864 1445 primus
887 1367 1017 1426 Wolfius
1045 1367 1147 1441 (Anal.
1174 1370 1220 1428 lit.
1247 1368 1273 1433 Ι,

165 1492 196 1549 p.
227 1474 276 1550 61)
312 1473 372 1532 vim
401 1473 561 1549 infregisse
592 1472 651 1531 sibi
681 1473 763 1530 visus
794 1476 841 1530 est
873 1473 925 1548 iia,
962 1479 996 1530 ut
1027 1475 1154 1549 excepto
1185 1490 1273 1532 voca-

165 1577 250 1652 bulo,
285 1577 366 1651 quod
398 1582 443 1635 est
473 1575 532 1651 ΙΙΙ,
570 1579 606 1636 92
638 1576 753 1652 negoti,
784 1595 801 1634 a
832 1595 921 1634 manu
951 1575 1074 1635 Manilii
1107 1574 1273 1636 Genetivos

167 1699 203 1740 ne
242 1681 273 1738 in
312 1653 479 1757 simplicem
518 1679 638 1755 quidem
676 1680 686 1736 i
720 1685 863 1738 exeuntes
897 1680 928 1736 in
962 1679 1188 1738 Astronomiois
1223 1696 1272 1738 ex-

168 1786 247 1842 stare
268 1784 474 1858 contenderet,
503 1783 581 1841 nihii
602 1783 698 1858 igitur
719 1783 838 1841 ratione
860 1782 929 1840 inde
949 1783 1131 1859 deprompta
1151 1782 1188 1841 de
1208 1782 1274 1841 Ma·

169 1886 235 1943 nilii
256 1890 355 1946 aetate
377 1887 501 1945 criticos
522 1891 725 1944 assecuturos.
759 1885 878 1944 Deinde
901 1885 1035 1944 Jacobns
1057 1886 1173 1962 (progr.
1194 1885 1274 1945 Lub.

167 2006 197 2064 p.
225 1992 272 2064 10)
299 1990 435 2064 quamvis
462 1990 545 2048 illius
570 2005 656 2046 casus
678 1988 815 2064 exempla
836 2007 899 2046 non
918 1989 1031 2064 deesse,
1058 1989 1111 2047 sed
1132 1990 1237 2048 crebra
1256 2008 1274 2047 a

168 2109 199 2150 se
229 2099 349 2169 reperta
379 2111 444 2152 esse
471 2095 653 2169 coarguerit,
683 2093 767 2150 velut
792 2092 818 2166 Ι,
849 2093 919 2164 6913
950 2091 992 2166 ΙΙ,
1023 2095 1088 2167 211,
1120 2094 1185 2167 560,
1217 2093 1273 2152 569

167 2195 308 2271 sagittari
339 2197 364 2272 I,
399 2198 455 2257 795
487 2196 596 2255 Claudi
633 2196 675 2268 ΙΙ,
710 2199 776 2270 232,
806 2200 872 2272 est,
904 2198 960 2257 505
991 2195 1107 2271 aquari,
1138 2215 1200 2255 non
1229 2199 1274 2255 te·

166 2316 233 2358 men
265 2306 311 2358 est
343 2301 458 2359 oblitus
483 2301 593 2359 addere
619 2318 656 2359 ne
684 2300 754 2359 inde
784 2299 904 2373 quidem
930 2299 1119 2376 Augusteum
1144 2303 1274 2359 aetatem

166 2402 244 2460 cilici
271 2421 373 2479 posse,
401 2403 646 2478 quandoquidem
672 2404 834 2476 unicuique
860 2404 909 2461 vel
935 2403 1141 2461 recentissimo
1169 2403 1275 2462 liceret

88 2502 93 2535 ²
166 2507 199 2563 in
222 2524 253 2565 re
275 2508 395 2566 minime
415 2508 523 2582 ignota
543 2509 686 2581 antiquos
704 2507 821 2565 sectari.
855 2506 945 2579 Quod
960 2525 1025 2565 eum
1041 2507 1122 2565 omni
1138 2514 1272 2583 tempore

167 2608 211 2667 ita
237 2609 338 2685 inerit,
364 2629 382 2668 a
409 2628 441 2667 rc
467 2611 556 2668 nobis
581 2610 777 2668 diiudicanda
800 2610 934 2668 Bentleii
960 2614 1169 2687 argumentum
1194 2629 1274 2669 amo·

166 2729 236 2770 vere
262 2719 292 2771 et
319 2715 378 2789 ipsi
405 2713 556 2772 debemus.
596 2713 645 2772 Ac
674 2713 816 2787 quoniam
843 2714 874 2770 in
901 2715 1054 2790 exemplis,
1082 2731 1158 2788 quae
1183 2733 1274 2791 supra
1382 2770 1386 2783 ,

166 2817 308 2891 apposui,
338 2817 426 2875 nimis
454 2816 616 2876 manifesta
642 2822 689 2876 est
715 2835 750 2875 ea
774 2818 948 2893 necessitas,
982 2836 1058 2892 quae
1084 2818 1122 2876 ad
1148 2823 1274 2878 metrum

167 2919 415 2978 conformandum
442 2920 473 2976 in
496 2917 654 2978 Genetivis
684 2920 850 2996 simplicem
877 2922 886 2978 i
911 2921 1030 2980 literam
1052 2921 1110 3001 sibi
1132 2921 1274 2996 vindicet,

166 3021 262 3097 pudet
281 3040 337 3080 nos
358 3023 477 3097 aliquid
498 3022 648 3080 commodi
668 3023 740 3081 hino
760 3024 927 3099 percipere,
950 3024 1031 3099 quod
1052 3025 1169 3100 priscae
1190 3024 1274 3084 illius

168 3124 309 3184 Genetivi
335 3126 448 3185 formae
477 3144 532 3183 usu
558 3126 722 3202 scriptores
748 3128 839 3185 etiam
861 3128 986 3186 Tiberio
1014 3128 1273 3187 recommendare

165 3233 340 3304 potuerunt.
386 3229 607 3288 Desiderantur
637 3230 715 3288 enim
748 3230 812 3288 cius
845 3232 927 3289 modi
957 3249 1071 3305 versus,
1102 3231 1132 3288 in
1163 3231 1272 3306 quibus

167 3331 292 3391 formam
313 3330 455 3391 Genetivi
482 3333 680 3391 recentiorem
705 3352 760 3410 per
781 3350 921 3391 numeros
941 3351 1087 3410 usurpare
1108 3334 1229 3409 poetael
1251 3333 1273 3391 i-

166 3442 240 3494 ceat.
1050 3511 1054 3521 ι

244 3537 390 3614 Sequitur
409 3542 509 3598 autem
529 3540 568 3597 ab
589 3540 658 3597 aliis
672 3539 811 3615 partibus
825 3540 972 3599 Manilius
987 3541 1018 3600 id
1032 3541 1153 3599 dicendi
1167 3560 1272 3617 genus,

168 3659 227 3716 quo
261 3644 389 3703 similius
415 3639 581 3702 Tiberiano
613 3661 678 3702 esse
710 3643 784 3701 satis
814 3643 952 3702 novimus
982 3645 1120 3720 potuisse
1147 3646 1272 3704 nullum.

167 3744 237 3804 dam
266 3764 359 3823 supra
388 3747 677 3822 ambiguitatem
708 3747 857 3807 orationis
889 3749 1071 3809 observandi
1098 3742 1274 3824 frequentes·

167 3848 240 3907 data
268 3855 315 3908 est
341 3850 468 3909 occasio.
516 3850 600 3909 Idem
625 3850 732 3909 vitium
759 3852 876 3911 Tiberii
903 3852 996 3912 fuisse
1023 3853 1147 3912 Tacitus
1178 3853 1271 3930 (Ann.

99 3995 103 4002 .
165 3949 258 4028 ΧΙΙΙ,
285 3952 314 4027 3)
342 3959 449 4013 auctor
476 3959 532 4029 est,
557 3953 639 4029 apud
661 3970 747 4028 quem
769 3956 914 4031 scriptum
934 3956 1069 4015 ridemus
1090 3959 1181 4016 etiam
1202 3975 1271 4016 con·

168 4055 248 4114 sulto
270 4055 356 4114 illum
378 4057 539 4115 verborum
553 4057 749 4132 ambiguitati
765 4076 889 4134 operam
903 4077 1038 4118 navasse.
1058 4093 1096 4103 -
1117 4059 1271 4119 Certiores

167 4175 238 4218 vero
266 4176 323 4217 nos
349 4159 444 4218 multo
465 4159 503 4217 de
523 4177 558 4217 ea
578 4178 610 4219 re
632 4161 705 4219 iacit
726 4159 890 4220 Suetonius
918 4162 1000 4238 (Tib.
1022 4182 1047 4222 c.
1068 4167 1106 4224 70
1126 4170 1156 4223 et
1178 4181 1271 4240 gram.

167 4278 191 4319 e.
218 4264 267 4338 22)
295 4279 460 4322 sermonem
482 4261 599 4321 Tiberii
625 4263 809 4339 peculiarem
830 4265 1049 4341 propriumque
1070 4266 1102 4323 in
1121 4266 1186 4324 vita
1206 4266 1270 4324 eius

62 4438 70 4447 Ι,
167 4364 211 4423 sic
224 4364 396 4433 declarans:
411 4366 467 4442 „In
482 4366 621 4425 oratione
636 4366 751 4425 Latina
766 4373 885 4428 secutus
901 4374 947 4428 est
963 4368 1129 4428 Corvinum
1141 4368 1270 4427 Messal-

166 4466 235 4544 lam,
264 4485 351 4542 quem
376 4486 476 4528 senem
502 4469 679 4528 adolescens
707 4472 929 4530 observaverat.
970 4470 1031 4530 Sed
1058 4469 1216 4531 affectione
1241 4477 1271 4530 et

168 4571 344 4632 morositate
365 4572 457 4631 nimia
478 4573 706 4633 obscurabat
726 4574 839 4650 stilum,
852 4578 894 4643 ‚ut
909 4575 1069 4650 aliquanto
1082 4591 1120 4634 ex
1133 4578 1269 4651 tempore
