2880 5182
610 842 821 904 ...21-

165 1038 343 1115 exprimant,
363 1031 676 1111 referentibusnobis
698 1049 898 1110 „suspensum
918 1033 1042 1093 orbem“
1062 1033 1100 1092 ad
1114 1034 1268 1094 fortunam
1376 1097 1378 1101 ,

166 1142 295 1216 indeque
316 1138 525 1199 audientibus:
546 1136 675 1212 „Pugna
687 1129 816 1195 Actiaca
830 1138 866 1195 dc
881 1138 1005 1196 fortuna
1025 1139 1108 1196 orbis
1129 1144 1160 1197 et
1181 1138 1267 1213 caeli,

164 1246 201 1303 de
224 1245 321 1303 salute
342 1216 440 1302 totius
461 1241 565 1298 mundi
586 1241 719 1316 agetur“.
761 1241 870 1315 Itaque
898 1259 1076 1315 quocunque
1103 1242 1192 1300 modo
1219 1259 1268 1300 res

165 1369 197 1409 se
224 1350 326 1422 habet,
353 1345 432 1403 nihil
453 1346 565 1419 subest,
587 1362 640 1403 cur
660 1343 860 1403 Octavianum
882 1345 1033 1404 scribente
1053 1344 1184 1403 Manilio
1206 1344 1270 1402 vita
1314 1368 1315 1373 ¹

163 1454 195 1510 iu
217 1453 303 1511 Urbe
326 1450 386 1507 frui
408 1449 570 1507 credamne.
618 1520 622 1526 ι

238 1553 380 1627 Denique
408 1569 467 1625 qno
493 1553 583 1626 pacto
607 1549 729 1625 Caesar,
756 1551 853 1609 Divus
880 1552 932 1609 ille
956 1549 1007 1605 κατ’
1035 1549 1130 1622 ἐξοχὴν,
1153 1551 1269 1610 eaelum

165 1657 331 1732 replevisse
352 1653 505 1731 putandus
527 1651 590 1711 est?
623 1649 757 1727 Scilicet,
778 1659 812 1711 ut
832 1654 876 1711 ait
896 1653 1119 1729 Lachmannus,
1141 1672 1202 1712 non
1223 1672 1268 1728 eo,

167 1758 249 1834 quod
275 1759 339 1834 ipse
368 1756 450 1815 solus
476 1755 549 1813 deus
575 1755 673 1813 factus
699 1761 754 1828 est,
782 1755 833 1814 sed
854 1757 985 1832 posteris
1007 1755 1069 1814 suis
1090 1757 1195 1814 itidem
1216 1757 1268 1814 du·

167 1861 268 1921 cendis
294 1861 325 1918 in
352 1860 474 1918 caelum.
515 1857 588 1916 Non
615 1858 708 1933 igitur
729 1862 852 1934 poterut
873 1859 933 1917 dici
955 1859 1106 1934 „replevit
1125 1859 1268 1935 caelum“,

167 1966 226 2023 nisi
251 1983 326 2023 unus
354 1963 460 2020 saltem
485 1978 501 2018 e
527 1961 674 2036 progenie
698 1960 857 2019 Gaesarem
881 1962 919 2019 ad
941 1980 1067 2036 superos
1089 1963 1266 2021 subsecutus

167 2070 283 2126 fnisset.
318 2067 456 2140 Namque
479 2065 600 2142 opinari
622 2064 687 2123 sola
708 2064 786 2123 Julii
807 2066 907 2124 anima
929 2067 1044 2124 caelum
1065 2067 1218 2143 expletum
1239 2073 1270 2125 et

167 2171 348 2230 cumulatum
369 2169 460 2227 etiam
480 2168 511 2224 in
532 2167 643 2226 altiore
665 2167 734 2225 sede
761 2169 801 2244 (v.
822 2171 891 2244 802)
919 2169 1011 2228 fuisse
1032 2170 1134 2228 neseio
1156 2190 1194 2229 an
1215 2171 1269 2229 ali-

167 2280 280 2349 quanto
303 2272 436 2348 ineptius
458 2271 507 2329 sit.
541 2270 630 2329 Certe
653 2288 770 2346 semper
783 2272 868 2330 locus
883 2272 1018 2348 patuerit
1032 2273 1069 2347 ei,
1091 2273 1142 2347 qui
1157 2291 1174 2330 a
1190 2273 1268 2332 Jove

166 2374 292 2452 Optimo
312 2375 448 2433 Maximo
470 2373 509 2431 ad
529 2373 662 2447 regenda
683 2373 783 2432 sidera
803 2380 928 2433 vocatus
950 2376 1050 2434 fuerit.

244 2479 329 2552 Quae
350 2497 416 2537 eum
437 2477 481 2535 ita
502 2476 575 2550 sint,
595 2481 687 2551 poeta
706 2476 819 2553 fingere
836 2479 1054 2536 existimandus
1069 2482 1115 2538 est
1129 2477 1269 2538 Octavia-

168 2603 238 2642 num
260 2582 318 2640 iam
339 2586 481 2639 nanctum
502 2579 531 2635 in
554 2578 647 2649 caelo,
670 2596 864 2654 quaecunque
885 2581 922 2639 de
944 2583 1032 2641 terris
1047 2601 1073 2640 a.
1089 2582 1129 2641 U.
1144 2585 1198 2641 731
1213 2599 1269 2659 pro

167 2706 202 2746 eo
226 2687 335 2745 Jovem
355 2688 497 2761 precatus
519 2692 585 2747 erat
605 2681 755 2742 Horatius
777 2684 849 2762 (Od.
869 2686 894 2761 Ι,
918 2687 981 2760 12);

681 2824 784 2891 „micat
802 2826 873 2878 inter
892 2842 985 2879 omncs

431 2913 451 2966 J
456 2911 559 2964 ulium
582 2909 676 2964 sidus
694 2911 788 2965 velut
806 2912 895 2964 inter
912 2913 1009 2981 ignes

574 2995 671 3048 Luna
689 2997 849 3051 minores.

432 3079 529 3134 Gentis
546 3082 684 3135 humanae
703 3086 785 3151 pater
804 3086 888 3153 atque
908 3087 1000 3139 custos

431 3165 505 3220 Orbe
524 3165 651 3234 Saturno,
669 3168 720 3221 tibi
740 3184 806 3221 cura
823 3171 917 3238 magni

432 3251 560 3306 Caesaris
580 3252 643 3307 satis
663 3254 747 3308 data:
766 3258 804 3307 tu
822 3257 974 3310 secundo

577 3337 725 3395 Caesare
743 3357 877 3410 regnes.

432 3426 477 3479 Te
500 3427 613 3481 minor
629 3428 716 3481 latum
735 3431 812 3496 reget
831 3445 935 3497 aequus
954 3431 1055 3496 orbem,

433 3512 475 3565 Tu
494 3512 571 3581 gravi
590 3527 668 3565 curru
685 3514 792 3582 quaties
814 3512 969 3584 Olympum,

434 3600 478 3653 Tu
495 3613 593 3667 parum
613 3599 697 3653 castis
716 3599 827 3654 inimica
845 3601 938 3654 mittes

576 3684 702 3738 Fulmina
720 3685 837 3754 lucisf‘l)

242 3826 345 3901 Pergo
374 3825 412 3883 ad
440 3823 532 3882 alium
553 3823 660 3897 locum,
687 3824 739 3881 ubi
761 3823 946 3884 Octavianus
968 3827 1027 3885 iam
1048 3827 1145 3885 Divus
1166 3846 1272 3903 parum

167 3931 284 3989 velatus
306 3931 360 3988 sub
382 3928 478 3988 oculis
499 3927 613 3985 nostris
635 3927 742 3993 aderit.
773 3928 864 3987 Nunc
885 3932 964 3989 enim
985 3931 1176 4007 inspicienda
1189 3931 1271 3989 vide·

166 4039 216 4094 tur
241 4040 374 4092 extrema
397 4032 512 4108 pagina
532 4029 604 4087 libri
625 4029 650 4086 I.
693 4028 791 4103 Quam
810 4032 923 4090 multus
945 4038 991 4092 est
1010 4037 1103 4109 poeta
1123 4035 1155 4091 in
1176 4034 1271 4091 laudi·

166 4139 222 4194 bus
244 4132 395 4210 Augusti!
436 4132 537 4191 Versu
558 4133 613 4190 913
635 4137 856 4209 commemorat,
876 4153 932 4210 per
951 4138 1048 4213 patris
1069 4137 1199 4213 vestigia
1219 4155 1271 4212 pa·

167 4302 371 4314 -----

244 4403 264 4471 a)
283 4404 347 4457 Hoc
367 4415 476 4456 carmen
496 4396 683 4451 Horatianum
702 4399 804 4469 siquis
824 4405 1025 4473 comparaverit
1043 4419 1103 4457 cum
1123 4403 1157 4456 iis
1174 4403 1273 4470 verbis,

170 4505 241 4558 ‘luae
265 4489 337 4559 apud
356 4486 498 4541 Manilium
518 4484 581 4537 inde
601 4498 618 4534 a
635 4483 657 4550 I,
680 4486 730 4539 702
748 4504 833 4557 usque
853 4492 889 4544 ad
907 4507 946 4545 vs.
965 4493 1016 4544 804
1033 4491 1176 4554 habentur,
1199 4489 1273 4543 haud

171 4593 251 4646 aegre
270 4576 322 4630 sibi
339 4571 518 4646 persuadebit
536 4572 624 4625 multa
643 4572 809 4641 astrologum
824 4576 937 4645 alyrico
952 4592 1013 4631 esse
1026 4579 1188 4630 mutuatum,
1216 4574 1272 4630 cfr,

170 4663 253 4719 etiam
275 4663 324 4717 Or.
342 4662 409 4718 Met.
428 4658 494 4726 XV,
510 4663 562 4720 858
581 4684 605 4723 e,
624 4670 649 4722 q.
668 4671 690 4710 s.
