2880 5182
10 39 1016 315 —

799 370 803 385 l

586 773 798 833 ..35-

142 959 352 1018 fortitudinem
389 958 437 1016 vel
474 957 639 1016 sacerdotii
670 957 816 1014 honorem
847 955 991 1014 invenias,
1040 954 1112 1012 Non
1143 930 1244 1013 autem

140 1043 294 1122 sufficiunt
314 1080 366 1120 eae
387 1079 435 1119 res
453 1062 491 1120 ad
507 1059 732 1136 insigniendum
747 1060 831 1117 illum
845 1059 1024 1136 prinoipem,
1045 1065 1136 1131 atque
1152 1058 1243 1115 etiam

138 1167 236 1226 minue
257 1169 431 1242 opportune
452 1165 490 1223 dc
511 1183 546 1222 eo
568 1164 721 1236 dicuntur,
743 1180 819 1237 quae
842 1167 913 1221 sunt
932 1180 959 1219 a.
975 1161 1015 1234 V,
1036 1162 1092 1220 345
1107 1160 1144 1218 de
1158 1160 1241 1219 Arae

137 1270 316 1331 clientibus:

313 1395 400 1466 „Quid
418 1397 510 1467 potius
529 1396 633 1467 fingent
651 1398 727 1449 ortus
746 1413 828 1465 quam
846 1395 950 1466 templa
969 1394 1083 1449 colentis

310 1483 405 1552 Atque
424 1487 583 1536 auctoratos
601 1483 629 1535 in
647 1484 731 1536 tertia
750 1483 778 1551 (ἱ)
796 1485 856 1536 inre
874 1484 1012 1538 ministros

309 1569 494 1640 Diuorumque
512 1585 594 1622 sacra
614 1570 770 1623 venerantis
789 1569 900 1622 numina
918 1583 994 1634 voce,

309 1656 404 1709 Paene
424 1655 491 1709 deos
511 1659 538 1708 et
557 1656 602 1724 qui
621 1660 737 1724 possunt
755 1659 869 1709 ventura
887 1655 997 1710 ridere“
1057 1727 1058 1730 Ἰ

141 1785 168 1842 si
195 1784 313 1859 quidem
339 1783 558 1843 Suetonianum
583 1782 673 1842 illud:
705 1782 815 1858 „Circa
840 1782 914 1841 deos
942 1789 972 1843 et
998 1784 1163 1860 religiones
1192 1803 1242 1843 ne·

140 1888 330 1964 glegentior“
350 1887 388 1945 de
409 1888 513 1946 eodem
534 1886 624 1945 valet.
657 1886 699 1945 Et
719 1905 755 1944 ne
769 1887 884 1963 insigni
900 1887 1021 1961 quidem
1036 1887 1126 1946 modo
1143 1905 1239 1964 neque

141 1989 263 2066 Scorpii
292 2009 389 2065 neque
415 1991 498 2048 Arae
531 1991 689 2065 geniturae
720 1996 924 2050 memorantur
954 2008 1051 2066 neque
1081 2010 1117 2050 ea
1147 1993 1178 2049 in
1209 2011 1242 2050 re

141 2093 304 2169 quidquem
338 2093 440 2152 differt
473 2093 595 2153 dicendi
626 2112 736 2170 genere
767 2113 786 2152 a
816 2095 992 2153 narratione
1025 2112 1101 2170 qnae
1133 2099 1180 2155 est
1204 2095 1240 2154 de

139 2198 271 2256 siderum
291 2197 439 2274 partubus
455 2198 580 2272 reliqua,
601 2200 660 2256 nisi
676 2199 753 2256 forte
770 2199 914 2273 opinione
928 2199 1139 2275 praeiudicata
1153 2199 1239 2257 audi·

138 2307 197 2360 tur.
236 2284 407 2362 Disseritur
438 2303 528 2360 etiam
554 2304 622 2378 pari
647 2303 808 2360 verborum
834 2304 924 2378 eopia
950 2303 988 2362 de
1013 2304 1119 2379 primis
1148 2303 1242 2361 Tauri

138 2405 300 2481 sideribus,
325 2407 361 2463 de
388 2406 488 2481 eapite
512 2405 638 2480 Leonis,
665 2406 702 2464 de
729 2407 827 2481 prima
853 2411 936 2466 veste
957 2407 1176 2481 Arcitenentis‚
1204 2408 1241 2465 de

140 2509 277 2567 acumine
303 2510 415 2567 caudae
437 2509 627 2584 Capricorni.
669 2509 751 2582 Quid
773 2511 868 2586 igitur
889 2511 1033 2585 „maioris
1055 2510 1175 2568 laudis“
1196 2516 1244 2568 est

127 2613 171 2696 ⁴in
192 2630 238 2688 eo,
259 2612 341 2686 quod
361 2618 453 2687 poeta
474 2613 511 2670 de
533 2617 666 2671 extrema
680 2611 801 2689 Scorpii
823 2614 919 2671 cauda
935 2614 1081 2687 quaedam
1096 2612 1242 2689 exponit?

141 2715 202 2789 Qui
231 2715 354 2773 tandem
385 2715 455 2774 inde
482 2717 600 2774 Tiberii
631 2718 801 2775 recordatio
836 2716 990 2776 nascitur?
1030 2716 1143 2800 Nonne
1164 2718 1243 2775 elius

140 2837 260 2894 quoque
287 2819 442 2877 cuiusdam
469 2819 554 2876 ducis
581 2837 679 2878 mores
705 2820 743 2877 ad
764 2819 883 2895 Nepam
909 2820 1015 2878 referri
1036 2820 1184 2894 potuere?
1206 2853 1243 2862 -

141 2923 207 2981 Ara
227 2930 336 2997 autem,
357 2941 375 2979 a
397 2940 455 2996 qua
475 2922 650 2997 pontificem
670 2923 841 2998 maximum,
864 2940 950 2997 quem
971 2923 1063 2980 fuisse
1086 2922 1242 2981 Tiberium

141 3029 270 3100 constat,
292 3025 442 3100 originem
463 3026 570 3082 ducere
584 3026 732 3083 Manilius
754 3027 838 3084 nullo
853 3027 947 3084 verbo
962 3026 1060 3099 docet,
1083 3025 1242 3099 aliquanto

140 3129 294 3187 difficilius
326 3130 569 3188 accommodatur
600 3129 647 3186 illi
678 3130 811 3204 principi
843 3146 931 3203 quam
960 3127 1121 3202 Arcturus,
1158 3126 1242 3185 euius

140 3232 247 3290 sideris
272 3248 338 3289 eum
359 3230 527 3307 Sagittario
555 3232 643 3290 simul
669 3232 835 3290 coorientis
862 3232 943 3290 done
972 3232 1004 3288 iu
1025 3230 1065 3306 V,
1088 3231 1241 3289 359-3u4

142 3337 188 3395 sic
208 3335 415 3413 explicantur:

678 3495 685 3509 ·
731 3499 800 3551 „qno
818 3486 944 3551 tempore
963 3483 1036 3536 natis

327 3567 450 3622 Fortuna
466 3569 528 3639 ipsa
547 3585 611 3623 suos
630 3570 715 3623 audet
732 3570 904 3623 committere
924 3583 1031 3635 census,

327 3655 440 3724 Regalis
458 3659 489 3709 ut
507 3671 574 3724 opes
593 3660 622 3708 et
639 3672 721 3709 sacra
740 3657 849 3709 aeraria
867 3658 976 3710 servent

255 3794 258 3799 .
325 3741 479 3810 Regnentis
498 3743 548 3795 sub
567 3758 631 3811 rege
652 3759 702 3797 suo
719 3759 866 3811 rerumque
884 3741 1002 3795 ministri

326 3826 508 3895 Tutelamque
528 3833 626 3896 gerant
644 3828 740 3899 populi
759 3829 919 3884 domibusve
937 3826 1064 3897 regendis
1080 3822 1082 3826 ⁸

327 3910 484 3982 Praepositi
502 3927 582 3967 curas
601 3914 690 3968 alieno
710 3915 801 3967 limine
820 3914 975 3968 claudant.“

141 4059 226 4133 Quae
236 4060 329 4118 verba
339 4059 510 4134 legentibus
523 4061 626 4119 statim
637 4060 739 4118 venire
750 4064 881 4136 possunt
891 4061 924 4118 in
934 4066 1064 4119 mentem
1079 4064 1241 4134 quaestura

140 4169 170 4220 et
194 4170 338 4237 praetura
358 4163 510 4237 ceterique
531 4164 639 4222 urbani
660 4164 867 4239 magistratus,
895 4180 970 4238 quos
992 4169 1069 4222 teste
1092 4161 1239 4222 Suetonio
1331 4212 1334 4218 .

140 4265 221 4341 (Tib.
242 4285 268 4324 c.
289 4266 319 4340 9)
340 4265 449 4324 Liviae
470 4268 550 4325 filins
572 4275 602 4326 et
622 4267 769 4327 maturius
790 4266 947 4327 incohavit
962 4271 992 4326 et
1006 4284 1101 4342 paene
1116 4263 1241 4322 iunctim

139 4369 342 4444 percucurrit3
373 4388 475 4428 verum
505 4376 605 4429 tamen
632 4371 689 4429 boc
709 4371 777 4446 ipso
798 4372 878 4446 loco,
908 4377 942 4429 ut
963 4368 1150 4430 consuetudo
1172 4367 1240 4427 fati·

142 4472 278 4531 dicorum
298 4472 367 4545 fert,
389 4474 489 4532 omnia
510 4475 541 4532 in
562 4492 597 4532 ea
617 4475 803 4532 obscuritate
825 4478 856 4532 et
869 4472 1061 4532 dubitatione
1077 4471 1186 4544 iacent,
1207 4472 1242 4528 ut

141 4574 297 4634 Tiberium
317 4582 507 4650 praesentem
528 4595 590 4635 non
611 4594 819 4655 agnoscamus.
849 4578 957 4652 Itaque
971 4576 1103 4637 Iacobus
1119 4573 1240 4650 quidem

1054 4688 1086 4739 3}
