2880 5182
635 843 845 904 ..85-

193 1033 284 1090 ducto
311 1048 366 1089 suo
394 1030 525 1089 fortasse
549 1029 613 1086 iure
635 1027 666 1100 ii,
694 1028 803 1103 quibus
824 1028 879 1085 illa
898 1026 1103 1102 persuadeam,
1129 1028 1296 1104 postulant

191 1141 225 1193 ut
238 1134 402 1193 Manilium
422 1133 458 1191 de
479 1133 574 1191 exitio
597 1148 716 1206 quoque
737 1131 825 1189 amici
845 1129 962 1204 aliquid
986 1132 1120 1205 quamvis
1135 1132 1240 1189 furtim
1252 1132 1296 1189 in-

191 1238 321 1296 seruisse
349 1237 515 1296 ostendam.
554 1235 662 1310 Neque
688 1235 827 1309 equidem
852 1235 956 1293 deesse
983 1233 1071 1292 video
1096 1253 1159 1292 eam
1181 1235 1296 1309 querol-

189 1343 258 1417 lam‚
280 1359 370 1415 quam
390 1339 428 1398 ad
447 1340 653 1398 tristissimam
667 1339 750 1396 illam
764 1354 825 1396 rem
840 1338 1026 1397 referendam
1040 1355 1104 1395 esse
1118 1339 1296 1396 existimem·

188 1443 415 1502 Exclamantem
445 1443 527 1501 enim
558 1442 649 1501 audio
679 1448 811 1517 poetam,
842 1459 917 1516 quae
948 1444 1070 1499 exstant
1099 1442 1130 1497 in
1156 1441 1236 1499 libro
1264 1441 1294 1497 Il

189 1547 259 1605 inde
279 1566 298 1605 a
317 1565 406 1607 versu
426 1550 497 1608 596:

294 1674 383 1741 „Quid
401 1676 499 1745 loquar
519 1690 629 1729 eversas
647 1675 728 1728 urbes
748 1678 776 1727 et
793 1674 904 1743 prodita
921 1674 1027 1743 templa

291 1762 329 1814 nt
346 1762 462 1816 varias
480 1761 579 1831 paeis
599 1760 719 1814 clades
738 1764 767 1814 et
785 1760 892 1813 mixta
908 1777 1039 1813 venena

291 1847 464 1917 Insidiaeque
482 1847 533 1901 fori
552 1847 706 1916 caedesque
725 1848 752 1900 in
771 1846 913 1900 moenibus
932 1847 1000 1915 ipsis

291 1934 335 1989 nt
352 1935 413 1987 sub
433 1933 612 1987 amicitiae
630 1935 850 2001 grassantem
868 1932 1189 1986 nominetu1·bam“l

267 2064 357 2121 Pacis
384 2081 454 2121 sane
480 2063 596 2121 cladem
621 2063 727 2120 civitas
748 2062 887 2119 Romana
913 2063 1073 2138 accepist),
1098 2079 1164 2120 curn
1185 2062 1215 2118 in
1237 2060 1296 2119 Ur-

188 2168 255 2225 bem
280 2167 406 2225 allatum
432 2170 479 2225 est
505 2165 714 2224 Germanicum
740 2165 771 2221 in
798 2163 886 2240 Syria
911 2165 995 2223 lento
1021 2166 1127 2223 morbo
1154 2182 1219 2223 esse
1244 2166 1295 2222 ab·

189 2277 321 2347 reptum3
347 2287 434 2327 nemo
460 2287 476 2327 e
502 2274 593 2345 gente
616 2269 701 2328 Julia
728 2268 887 2325 memoriae
908 2267 1049 2344 proditus
1072 2273 1126 2338 est,
1151 2269 1236 2325 euius
1258 2268 1295 2326 de

189 2378 286 2431 morte
306 2372 396 2432 dolor
416 2373 575 2446 luctusque
596 2372 728 2430 omnium
748 2372 898 2429 bonorum
917 2372 1014 2430 maior
1034 2371 1134 2429 fuerit.
1169 2371 1295 2429 Deside-

188 2477 298 2535 rabant
323 2475 411 2551 enim,
438 2475 469 2532 in
496 2492 555 2549 quo
582 2493 653 2550 uno,
682 2475 834 2533 saeviente
858 2475 954 2550 magis
980 2475 1135 2550 magisque
1160 2474 1296 2548 Tiberio,

189 2596 273 2655 spem
297 2579 403 2637 salutis
425 2578 637 2636 collocassent.
678 2578 755 2636 Mox
775 2578 813 2636 ad
834 2579 963 2654 gemitus
984 2580 1112 2637 accessit
1131 2579 1178 2636 ira
1197 2596 1295 2638 rumo-

185 2682 271 2741 ribus
292 2681 482 2758 pervulgatis
503 2681 540 2740 dc
562 2681 667 2741 fraude
687 2682 837 2757 principis
858 2685 889 2741 et
909 2682 946 2741 de
966 2681 1091 2741 Pisonis
1112 2682 1296 2740 ministerio:

188 2787 268 2844 hunc
294 2786 423 2844 aLivia
442 2786 587 2861 Angusta
612 2787 737 2861 eiusque
763 2787 825 2845 filio
852 2804 907 2861 per
928 2785 1107 2843 Plancinam
1132 2784 1224 2842 fuisse
1245 2784 1296 2842 ad-

189 2889 322 2963 ductum,
343 2895 377 2947 ut
392 2887 565 2948 Germanici
586 2889 707 2948 decreta
727 2888 913 2947 rescinderet
928 2888 1015 2961 eique
1031 2904 1120 2961 quam
1133 2888 1296 2962 plurimum

189 2991 376 3051 stomachum
395 2998 538 3067 moveret,
559 2996 650 3067 atque
671 3009 866 3068 progressum
886 2990 925 3048 ad
944 2996 1060 3048 tantam
1075 2991 1240 3065 audaciam,
1262 2994 1296 3049 ut

189 3097 351 3155 adiuvante
373 3113 467 3154 uxore
483 3094 642 3154 Gaesarem
663 3095 694 3152 in
716 3098 864 3153 extremas
885 3098 982 3152 terras
1002 3097 1148 3152 remotum
1163 3097 1194 3152 et
1207 3094 1296 3153 bene·

189 3201 264 3259 ficiis
279 3199 557 3273 devotionibusque
573 3199 766 3275 impugnaret
780 3203 810 3257 et
821 3216 943 3274 aegrum
957 3198 1125 3257 immodicis
1137 3199 1297 3257 verborum

189 3310 220 3362 et
239 3321 339 3362 rerum
359 3303 579 3362 acerbitatibus
601 3300 784 3369 afficeretffl).
815 3302 880 3361 Nec
901 3302 1000 3360 defuit
1020 3302 1098 3359 fania
1118 3301 1156 3360 de
1170 3320 1296 3363 venene.

187 3406 328 3481 Denique
355 3405 499 3464 Pisonem
532 3411 562 3464 et
589 3405 768 3463 Plancinam
799 3405 891 3463 alacri
918 3405 1018 3463 aninro
1046 3405 1174 3463 Romam
1199 3423 1297 3464 rover-

189 3526 238 3568 sos
259 3514 350 3584 atque
371 3509 546 3583 Martinam,
572 3525 647 3582 quae
669 3506 723 3565 illo
745 3513 881 3583 tempore
902 3507 934 3564 in
956 3505 1045 3583 Syria
1064 3508 1213 3566 veneficae
1233 3511 1296 3567 tur-

188 3613 330 3688 pissimae
351 3614 431 3671 fama
452 3612 591 3685 florebat,
610 3614 798 3688 grassantem
819 3611 900 3668 haud
921 3610 1052 3680 dubie¹¹l
1075 3612 1130 3669 sub
1147 3610 1296 3670 amicitiae

190 3716 311 3775 nomine
332 3716 461 3792 turbam,
480 3717 596 3775 totiens
617 3722 737 3789 tamque
751 3714 941 3773 vehementer
954 3716 1176 3791 insimulavere,
1197 3722 1232 3772 ut
1245 3713 1296 3773 'Pi-

188 3820 292 3879 bertus
313 3820 345 3877 in
365 3820 510 3879 iudicium
530 3821 640 3895 cupitis
661 3836 810 3877 arcessere
833 3824 1001 3894 cogeretur.
1033 3819 1110 3877 Tum
1125 3820 1296 3876 instruxere

188 3923 410 3982 accusationem
430 3924 562 4001 proximi
578 3922 751 3983 Germanici
771 3921 869 3994 amici,
893 3940 1020 3997 quorum
1040 3925 1071 3981 in
1093 3939 1215 3981 numero
1230 3920 1296 3979 Ma·

189 4027 297 4085 niliurn'
312 4028 405 4086 luisse
420 4028 561 4105 probavi,
583 4031 673 4102 utque
688 4027 818 4097 effecere,
840 4030 875 4085 ut
888 4045 991 4086 omnes
1006 4026 1141 4102 quamvis
1156 4022 1295 4101 principe

192 4129 289 4188 invito
310 4147 401 4188 causa
421 4131 615 4200 cuderent¹2).

266 4233 371 4308 Atque
396 4235 450 4293 hus
476 4236 515 4295 ad
541 4254 589 4295 res
616 4236 713 4295 relata
740 4252 804 4293 esse
829 4236 901 4294 volo
922 4236 1024 4311 verba,
1051 4252 1126 4310 quae
1147 4238 1238 4294 antea
1258 4250 1295 4291 ex

188 4336 415 4397 Astronomiois
441 4341 540 4400 attuli.
583 4340 698 4414 Quidni
724 4340 802 4398 enim
828 4346 914 4399 caute
935 4339 1120 4415 significasse
1141 4337 1295 4415 putandus

256 4568 277 4638 ⁹)
297 4570 366 4625 Tac.
384 4571 458 4629 Ann.
477 4571 528 4639 III,
547 4574 571 4626 4.
609 4570 639 4640 ¹⁰)
658 4571 735 4627 Suet.
755 4569 814 4628 Oal.
832 4587 856 4626 a.
873 4573 898 4628 2.
937 4571 969 4641 ¹¹)
988 4567 1064 4625 Suet.
1083 4568 1171 4640 Galig.
1188 4572 1204 4624 3
1224 4573 1294 4625 extr.

192 4652 221 4723 ¹²)
239 4655 311 4713 Anu.
330 4655 381 4725 111,
401 4660 443 4713 13.
463 4659 502 4712 14.
