2880 5182
10 39 1008 305 -

33 302 154 321 ala-¹·
203 316 207 325 .
265 316 268 321 .
318 318 322 323 .
695 323 696 327 ,
885 326 888 341 ,

588 753 799 814 ..47-

142 939 229 1015 regni
261 938 375 999 heroici
406 937 607 997 remotissima
636 937 759 1012 penitus
790 938 849 1003 iam
879 939 1132 1015 pervestigavere‚
1162 941 1246 1000 velut

142 1044 186 1119 ΙΙ,
208 1048 257 1103 16:
279 1041 434 1101 Hesiodus
457 1048 603 1100 memorat

113 1121 117 1132 ¹
315 1146 369 1212 „Et
386 1146 437 1199 sub
457 1146 541 1199 fratre
558 1145 609 1199 viri
626 1161 733 1212 nomen,
751 1145 811 1198 sine
829 1145 913 1198 fratre
932 1145 1083 1214 parentis;‘'

142 1253 207 1308 tum
226 1250 286 1324 III,
309 1250 411 1323 1-25,
433 1249 489 1325 IV,
510 1251 633 1323 36-68,
654 1248 694 1323 V,
715 1251 868 1308 460-469
888 1254 1010 1324 poetam
1031 1250 1137 1308 eodem
1156 1250 1245 1309 modo

143 1352 261 1410 fabulas
282 1353 330 1410 vel
350 1353 505 1426 historias,
525 1356 560 1409 ut
580 1350 624 1409 ait
644 1351 828 1408 clarissimus
849 1349 901 1408 ille
922 1349 1026 1409 Ovidii
1047 1352 1245 1427 existimator,

142 1456 363 1532 praelibantem
384 1461 414 1513 et
433 1455 670 1531 persalutantcm
683 1454 786 1528 habes,
808 1455 894 1528 quasi
908 1472 995 1513 canes
1010 1474 1026 1513 e
1039 1453 1116 1514 Nilo
1129 1456 1247 1515 bibunt.

143 1558 234 1617 Unde
255 1577 292 1616 ex
312 1560 497 1634 argumentis
518 1558 744 1634 tragoediarum
763 1559 924 1617 multarum
946 1577 1034 1618 11111
1055 1559 1086 1617 11
1105 1562 1248 1637 paginam

145 1662 306 1721 coarctatis
334 1667 368 1720 ut
394 1661 563 1738 exemplum
590 1661 778 1738 depromam:
809 1659 1023 1737 „Gaudebunt
1055 1663 1165 1737 inquit,
1189 1683 1247 1723 111-

147 1782 261 1824 morare

298 1877 539 1947 „Ructmtemque
558 1881 665 1946 patrem
685 1880 765 1930 natos
784 1876 927 1946 solumque
945 1893 1080 1932 reversum

297 1965 335 2017 ut
353 1979 465 2018 caecum
485 1964 543 2018 1111
563 1963 620 2017 1111
639 1963 711 2016 diem
730 2003 737 2018 .
757 1964 780 2017 .“

145 2077 194 2135 Ita
220 2076 401 2153 constipatis
428 2075 598 2133 fabularum
623 2074 802 2149 aenigmatis
828 2092 917 2150 aegre
943 2093 958 2133 e
983 2077 1061 2136 miro
1087 2079 1247 2139 verborum

145 2180 303 2239 involucro
332 2178 527 2239 enucleandis
549 2196 604 2236 uos
624 2178 747 2254 passim¹
760 2182 888 2237 exercet.
929 2177 981 2237 Sic
1001 2180 1111 2240 factum
1133 2188 1187 2259 est,
1214 2189 1248 2242 ut

144 2302 162 2342 1
177 2284 262 2341 11111
277 2283 415 2342 Romano
430 2283 563 2341 carmina
578 2281 625 2339 vel
639 2280 677 2338 ad
691 2280 807 2339 aditum
828 2266 1002 2356 spinosiora
1022 2284 1070 2342 vel
1085 2284 1123 2342 ad
1137 2288 1247 2345 tracta-

145 2387 260 2446 tionem
285 2387 420 2445 aridiora
446 2385 622 2462 posteritati
645 2384 898 2458 relinquerentur.
940 2385 1022 2458 Quin
1043 2389 1172 2464 caligine
1194 2409 1247 2466 op·

146 2490 244 2565 pressi
265 2490 423 2566 permultis
444 2490 476 2547 11
497 2488 688 2546 illustrandis
701 2487 942 2546 Astronomicon
963 2489 1039 2548 locis
1056 2491 1139 2551 docti
1153 2492 1248 2552 homi·

146 2610 198 2650 nes
218 2593 332 2651 frustra
352 2593 450 2650 adhue
470 2592 665 2664 desudavere,
687 2590 768 2663 quod
789 2591 847 2649 iam
862 2610 962 2669 supra,
978 2612 1045 2652 cum
1059 2594 1095 2653 de
1109 2595 1247 2672 principe

145 2701 254 2771 poetae
275 2701 406 2771 patrono
428 2697 494 2753 erat
515 2695 662 2768 quaestio,
683 2692 771 2751 facile
789 2694 1033 2771 intellegebatur,
1053 2706 1143 2773 atque
1158 2700 1248 2758 etiam

145 2798 278 2856 ludibrio
306 2798 329 2854 ii
349 2799 419 2856 aliis
441 2799 523 2856 suere
544 2802 687 2871 tanquam
708 2797 734 2854 si
755 2797 881 2871 quadam
903 2804 1029 2858 naturae
1049 2803 1248 2877 perversitate

145 2901 177 2959 11
202 2901 332 2976 hispidis
361 2917 449 2974 quam
475 2901 507 2958 in
532 2900 622 2958 cultis
648 2900 785 2958 habitare
805 2902 940 2962 mallent.
981 2903 1039 2963 Est
1057 2910 1158 2964 autem
1178 2924 1247 2964 con-

44 3074 49 3087 .
145 3007 319 3063 1111111111
342 3006 391 3063 vel
412 3005 516 3081 potius
540 3009 672 3079 oportet,
699 3003 725 3060 si
753 3005 820 3078 quis
841 3004 929 3064 libris
950 3009 1013 3065 suis
1033 3008 1160 3066 alicuius
1180 3027 1248 3085 gra·

146 3108 220 3167 tiam
241 3109 346 3184 cupiat
365 3110 540 3181 conciliare,
559 3126 625 3166 eum
647 3105 723 3163 nihil
743 3107 853 3166 habere
874 3109 1031 3183 antiquius
1052 3126 1140 3184 quam
1155 3117 1188 3169 11
1203 3130 1247 3170 11-

145 3229 251 3288 porem
265 3213 341 3278 eius,
362 3214 388 3270 si
403 3213 447 3271 ita
461 3213 565 3270 dicere
575 3212 655 3284 licet,
677 3211 846 3279 literarium
860 3211 1092 3287 diligentissime
1108 3215 1248 3274 observet

145 3333 241 3389 neque
266 3317 298 3373 in
324 3314 483 3374 scribenda
511 3314 568 3372 ulli
593 3314 638 3372 rei
664 3313 794 3388 studeat,
827 3315 885 3371 nisi
911 3332 970 3389 qua
995 3316 1081 3375 illum
1107 3316 1248 3377 delectet.

149 3418 268 3491 Quodsi
294 3422 380 3494 patet
402 3417 640 3476 Astronomicon
668 3423 820 3476 auctorem
848 3418 933 3492 sequi
960 3418 1078 3480 Tiberii
1102 3422 1248 3481 iudicium

145 3522 234 3580 nobis
271 3521 344 3580 satis
380 3529 499 3595 notum,
536 3538 636 3579 nonne
667 3522 738 3579 hina
768 3521 867 3580 denuo
899 3523 1058 3597 probabile
1088 3524 1247 3584 reddemus

144 3624 239 3682 hunc
259 3624 428 3700 prinoipem
447 3625 550 3698 luisse,
570 3624 655 3682 cuius
676 3625 919 3684 benevolentiam
939 3626 992 3685 ille
1012 3627 1203 3702 captaverit?

222 3727 287 3786 lam
307 3745 379 3786 vero
401 3745 488 3802 quem
508 3727 546 3785 ad
567 3727 687 3786 modum
701 3744 795 3803 genus
810 3727 931 3786 dicendi
944 3730 1160 3805 progrediente
1175 3738 1247 3789 tem·

145 3848 220 3908 pore
238 3831 451 3890 obsoletum
471 3831 725 3906 redintegraverit
739 3830 896 3906 Manilius,
917 3831 961 3890 ita
975 3832 1064 3890 facilc
1081 3833 1246 3910 ostendam,

145 3940 180 3995 nt
192 3941 245 3994 aut
259 3935 412 3994 nominum
426 3941 479 3992 aut
493 3935 653 3992 verborum
668 3933 779 3993 formas
799 3951 856 4010 pro
878 3935 1060 3994 auctoritate
1074 3935 1168 3994 Ennii
1183 3936 1246 3995 sive

145 4037 282 4097 Lucretii
308 4039 346 4096 ab
373 4036 428 4094 illo
456 4037 606 4095 sublectos
632 4037 663 4094 in
684 4038 858 4113 adspectum
878 4036 1006 4097 afferam.
1047 4039 1131 4115 Lege
1151 4039 1246 4114 igitur

145 4141 172 4201 11
197 4140 311 4217 placet:
342 4140 367 4210 I,
393 4143 430 4199 27
456 4140 574 4215 clepere
607 4173 642 4182 -
673 4141 698 4216 I,
724 4144 790 4216 274,
816 4143 871 4208 305
898 4141 1019 4200 cludere
1043 4144 1081 4184 -’
1105 4142 1164 4215 ΙΙΙ,
1191 4146 1245 4202 146

145 4243 241 4320 apisci
263 4275 298 4284 -
325 4243 384 4319 111,
405 4245 460 4302 423
481 4242 585 4301 didere
606 4275 642 4284 -
662 4240 685 4318 l,
706 4244 1125 4318 88111111-Ι,.42711111
1146 4245 1245 4320 -II,

145 4350 201 4408 726
226 4347 309 4423 parti
335 4346 503 4405 ablativum
525 4362 634 4419 casum,
661 4363 748 4419 quem
768 4348 800 4405 in
820 4321 970 4405 iliterom
989 4347 1176 4406 desinentem
1196 4348 1246 4407 de·
1288 4339 1290 4343 ⁴

146 4448 206 4507 cies
220 4450 357 4526 repperit
371 4449 506 4508 Jacobus
527 4481 563 4490 -
584 4448 625 4523 II,
645 4451 700 4508 831
714 4450 800 4525 vitai,
814 4449 854 4526 V,
875 4451 930 4509 339
944 4448 1055 4525 Nepai,
1073 4450 1245 4525 genetivum

145 4555 269 4612 auctore
283 4552 425 4612 Bentleio
447 4558 556 4627 poetae
577 4551 750 4612 restitutum
770 4587 807 4596 -
827 4554 870 4628 II,
890 4553 1044 4629 88411111,
1063 4554 1183 4629 generis
1204 4555 1218 4612 f
1234 4587 1245 4598 ·
