2880 5182
546 669 583 738 C
596 694 624 739 a
634 692 666 756 p
678 680 739 738 ut
767 671 816 743 V
824 673 887 739 II.

424 809 476 876 De
499 808 646 876 Manilio
670 808 873 876 Germanici
896 811 1006 879 socio.

242 966 313 1024 Duo
340 965 463 1023 iuvenes
488 964 541 1022 ubi
566 964 695 1039 primum
721 981 783 1021 non
807 964 904 1023 solum
925 965 1031 1024 eodem
1050 966 1112 1025 fere
1134 970 1273 1041 tempore

165 1069 328 1143 eademque
358 1068 390 1125 in
420 1069 494 1127 urbe
523 1066 637 1124 vixisse
666 1084 769 1125 verum
800 1067 890 1126 etium
917 1067 1073 1127 literarum
1099 1069 1273 1143 artiumque

158 1172 268 1231 studio
290 1171 350 1229 sibi
370 1188 460 1246 pares
480 1169 573 1228 fuisse
594 1169 830 1244 observavimus,
850 1169 932 1228 haud
946 1188 1017 1229 saue
1032 1171 1159 1230 multum
1172 1172 1272 1246 abest,

167 1275 241 1350 quin
262 1274 352 1333 etiam
369 1274 498 1332 alterum
512 1274 543 1330 in
558 1273 806 1331 consuetudinem
819 1273 945 1332 alterius
959 1275 1078 1333 venisse
1093 1275 1274 1349 cogitemus.

166 1378 225 1437 Est
243 1396 316 1437 vero
337 1393 458 1435 necesse
480 1376 617 1435 nostele
639 1375 712 1451 quid
734 1375 892 1452 suspicari,
914 1377 939 1434 si
961 1395 1020 1451 qua
1040 1395 1077 1436 ex
1091 1382 1179 1452 parte
1193 1377 1277 1436 alter

167 1481 295 1540 aiterum
314 1499 375 1539 non
396 1481 461 1539 sine
481 1498 553 1538 cura
573 1480 722 1556 respicere
742 1479 873 1539 videtur.
903 1479 952 1538 Ac
974 1480 1033 1538 iam
1053 1479 1276 1556 supradictum

167 1589 213 1643 est
233 1602 297 1643 eam
317 1583 504 1643 intercedere
525 1584 604 1642 inter
617 1583 833 1642 Astronomica
853 1587 885 1643 et
898 1585 1014 1643 Aratea
1034 1582 1276 1658 similitudinem,

167 1692 202 1746 ut
221 1687 310 1745 huius
331 1687 472 1746 carminis
494 1688 519 1748 sr'
541 1705 603 1745 non
622 1705 684 1744 una
705 1703 818 1761 omues,
842 1690 923 1746 certe
942 1687 1057 1763 primos
1078 1704 1182 1745 versus
1203 1686 1277 1746 illo-

167 1808 232 1849 rum
252 1793 407 1850 auctorem
427 1794 497 1850 aute
517 1790 691 1849 incohatum
711 1776 829 1848 carmen
845 1807 930 1848 suum
944 1791 1076 1865 perbene
1091 1789 1276 1865 cognovisse

167 1894 377 1953 coniciendum
398 1895 448 1952 sit.
482 1893 601 1953 Deinde
623 1911 760 1952 crescens
781 1894 837 1951 ilia
857 1894 990 1969 suspicio
1013 1912 1084 1952 num
1104 1893 1173 1951 aiiis
1194 1893 1276 1951 locis

168 2002 275 2055 contra
294 1996 452 2055 veritatem
473 1996 659 2073 repugnaret
678 1997 882 2072 perscrutanti
896 1996 969 2054 mihi
984 2002 1032 2056 tot
1047 2005 1167 2071 tamque
1181 1996 1276 2070 clara,

168 2103 203 2159 ut
223 2099 344 2176 opinor,
364 2118 453 2158 verae
474 2100 604 2160 rationis
626 2100 715 2175 signa
735 2117 902 2175 apparuere
924 2117 961 2158 ex
983 2101 1160 2176 improviso,
1181 2104 1216 2158 ut
1233 2100 1277 2174 id,

170 2201 252 2276 quod
266 2219 331 2260 esse
345 2202 482 2278 potuisse
497 2202 588 2260 initio
603 2203 756 2274 finxeram,
769 2202 908 2277 proiecto
925 2203 1018 2263 fuisse
1032 2221 1102 2262 mox
1117 2204 1191 2262 mihi
1205 2221 1278 2279 per·

170 2305 324 2363 suaserim.
353 2303 445 2363 Nunc
465 2305 561 2383 igitur
570 2305 732 2363 Manilium
751 2304 820 2363 dico
844 2306 995 2380 quondam
1015 2308 1094 2366 iuter
1109 2307 1277 2367 familiares

171 2405 345 2466 Germanioi
375 2412 405 2466 et
435 2407 518 2466 domi
548 2407 731 2466 admirantes
760 2413 790 2466 et
815 2407 890 2466 foris
917 2411 1096 2469 comitantes
1122 2413 1278 2469 versatum

171 2527 246 2569 esse.

247 2613 319 2673 Erit
338 2619 438 2673 autem
459 2631 569 2690 operae
590 2613 721 2690 pretium
741 2613 831 2672 huius
852 2615 896 2673 rei
919 2632 1007 2690 quam
1029 2617 1144 2694 optima
1162 2615 1278 2691 eligere

171 2716 355 2776 testimonia.
394 2716 474 2776 Nam
495 2717 563 2794 ipsa
585 2716 610 2776 si
633 2717 738 2792 stabit,
763 2719 891 2793 excepto
913 2718 994 2778 libro
1014 2718 1054 2794 V,
1081 2717 1279 2778 Astronomi·

172 2821 215 2879 cis
241 2825 395 2879 auctorem
421 2822 582 2898 apparebit
606 2821 675 2879 inde
696 2821 734 2878 ab
755 2839 836 2880 auuo
856 2820 895 2879 U.
917 2839 941 2880 c.
963 2825 1019 2884 770
1039 2840 1095 2898 per
1114 2822 1281 2882 triennium

172 2925 234 2983 fere
261 2925 412 2982 intentum
437 2924 539 2985 fuisse.
580 2925 751 3001 Propterea
778 2926 842 2984 noli
868 2926 1012 2984 admirari
1033 2927 1141 2985 iterum
1161 2943 1207 2983 me
1227 2924 1279 2983 de-

172 3028 292 3087 flectere
318 3025 357 3084 ad
376 3027 454 3086 tales
475 3044 532 3102 res,
559 3028 664 3103 quales
685 3046 703 3086 a
723 3047 755 3087 re
775 3028 938 3104 proposita
957 3026 988 3085 iu
1010 3029 1139 3103 speciem
1160 3027 1280 3086 alienae

174 3133 245 3191 sint.
284 3131 360 3191 Mox
381 3131 498 3207 etipse
518 3131 550 3188 iu
571 3148 655 3208 spem
674 3132 777 3190 venies
798 3132 839 3206 id,
865 3132 946 3206 quod
967 3131 1098 3190 iamdiu
1119 3131 1218 3190 moliti
1240 3131 1280 3189 si·

172 3253 246 3311 mus,
267 3253 324 3294 nos
344 3241 426 3294 recta
447 3235 536 3295 etiam
557 3238 758 3294 assecuturos.

247 3337 290 3397 Et
314 3339 444 3414 primum
472 3338 592 3412 quidem
618 3338 654 3396 de
682 3339 823 3413 themate,
851 3338 933 3413 quod
957 3343 1078 3415 vocant,
1106 3337 1279 3398 Germanici

170 3441 250 3502 dioc.
290 3441 329 3499 Id
355 3442 434 3500 enim
458 3443 532 3518 quin
552 3442 701 3501 Manilius
723 3446 831 3518 quart-o
854 3442 995 3501 carminis
1017 3444 1063 3500 sui
1083 3443 1163 3502 libro
1185 3443 1279 3502 iuter·

169 3544 318 3622 posuerit,
340 3544 461 3603 minime
481 3545 607 3603 dubium
627 3563 693 3604 esse
715 3547 866 3606 existimo.
898 3545 972 3604 Tam
992 3552 1066 3623 apta
1086 3551 1158 3605 suut
1177 3545 1216 3605 ad
1233 3564 1279 3604 ce·

170 3647 349 3707 lebrandum
374 3647 461 3706 illum
488 3647 634 3724 iuvenem,
663 3649 714 3723 qui
738 3667 756 3707 a
776 3650 910 3708 moribus
932 3649 1048 3707 Tiberii
1069 3650 1160 3724 longe
1181 3649 1280 3707 diver-

174 3769 224 3809 sus
257 3750 342 3808 civili
376 3750 500 3825 ingenio
535 3729 679 3826 miraque¹
704 3752 846 3810 comitate
879 3769 955 3809 uuus
990 3752 1122 3811 omnium
1151 3752 1279 3810 maxime

174 3854 288 3929 floruit,
308 3854 382 3912 haec
402 3853 504 3928 verba,
528 3853 636 3928 quibus
658 3860 751 3930 poeta
772 3853 842 3928 (IV,
863 3856 1025 3916 roo-212.
1045 3855 1212 3930 asc-552)
1234 3855 1279 3913 in·

175 3958 275 4017 doiem
295 3962 437 4033 partuum
457 3957 571 4016 Librae
592 3957 765 4016 adumbrat:

332 4086 404 4154 „Hic
423 4087 507 4141 etiam
527 4086 617 4155 legum
636 4085 747 4139 tabulas
766 4089 795 4139 et
813 4085 925 4140 condita
942 4087 1001 4139 iura

332 4171 448 4233 Noverit
466 4176 551 4242 atque
569 4172 642 4227 uotis
659 4171 764 4227 levibus
782 4171 932 4242 pendentia
949 4173 1043 4240 verba,
