2880 5182
603 365 814 428 „12-

156 551 262 610 orbem
282 555 431 611 terrarum
450 549 569 626 legibus
589 549 752 626 Augusti“.
784 549 866 610 Sana
886 556 987 611 autem
1006 559 1037 611 et
1049 570 1119 612 vere
1132 554 1261 629 pulchra

156 659 307 729 nascetur,
340 654 365 713 si
396 656 467 712 ante
498 652 603 712 oculos
635 654 796 713 scribentis
828 654 986 713 Tiberium
1015 662 1185 716 uersantem
1211 675 1260 717 oo·

156 758 306 834 gitatione
348 758 505 833 fingemus.
556 756 616 831 Qui
654 758 797 832 quoniam
831 758 1019 834 reipublicae
1055 760 1261 841 gubernacula

155 861 308 938 prendens
330 861 362 918 in
383 864 451 920 acta
464 860 598 937 Augusti
620 862 733 921 iuravit
753 879 788 920 ae
808 867 917 938 postea
939 863 1093 923 dictitavit
1113 881 1144 922 se
1160 865 1261 922 omnia

156 964 238 1023 facta
267 963 408 1038 dictaque
439 964 504 1023 eius
534 965 599 1024 vioe
630 964 707 1040 legis
733 962 934 1040 observare9),
965 964 1090 1025 dubium
1117 984 1179 1024 non
1205 973 1261 1042 est,

158 1067 230 1141 quin
251 1066 360 1125 iterum
382 1067 510 1143 imperio
531 1065 672 1126 Romano
693 1067 829 1143 Augusti
850 1068 932 1142 leges
954 1069 1143 1144 imposuerit.
1178 1069 1260 1144 Quin

156 1169 238 1246 apud
265 1168 444 1245 Tacitumffl)
470 1170 598 1247 legitur:
628 1169 754 1246 „Neque
782 1171 814 1228 in
840 1178 908 1228 acta
934 1189 999 1229 sua
1025 1172 1129 1248 iurari,
1162 1191 1261 1247 quam-

158 1289 246 1347 quam
266 1278 407 1332 censente
429 1279 546 1349 senatu,
565 1273 733 1350 permisit.“
771 1272 831 1331 His
851 1273 985 1348 cognitis
1005 1276 1147 1352 potuitne
1168 1282 1262 1352 poeta

158 1375 322 1451 quidquam
356 1375 388 1434 in
420 1376 537 1436 Tiberii
572 1377 691 1437 landem
727 1377 834 1436 melius
869 1377 1007 1452 proferre
1047 1395 1135 1452 quum
1170 1380 1261 1438 istum

157 1496 292 1538 versum:

346 1582 416 1650 „Tu,
435 1580 549 1650 Caesar,
565 1582 674 1651 patriae
692 1581 875 1652 princepsque
892 1584 1035 1650 paterque,

346 1666 399 1733 Qui
416 1669 488 1738 regis
507 1669 642 1738 Augustis
659 1668 803 1736 parentem
820 1667 927 1736 legibus
947 1668 1073 1722 orbem“l

157 1786 266 1847 Nihilo
303 1789 400 1848 secius
433 1793 532 1846 tamen
567 1788 591 1846 si
628 1787 695 1862 quis
729 1786 887 1863 Augustas
921 1789 1003 1864 leges
1038 1788 1135 1864 ipsius
1171 1788 1261 1849 Octa·

158 1890 241 1949 viani
272 1909 337 1951 esse
367 1891 544 1968 agnoverit,
576 1890 615 1949 ad
646 1890 803 1949 Tiberium
836 1908 955 1949 carmen
982 1891 1142 1949 missurum
1169 1892 1263 1953 fuisse

160 1997 283 2069 poetam
313 2001 393 2054 certe
420 2014 458 2054 ne
484 1999 650 2071 propterea
678 1992 799 2067 quidem
824 1994 959 2069 negabit,
992 1993 1073 2067 quod
1099 1995 1200 2054 edicta
1226 1998 1264 2055 ab

159 2097 226 2170 illo,
246 2115 308 2156 non
328 2098 411 2174 leges
425 2098 492 2157 dari
506 2097 645 2174 potuisse
658 2095 826 2155 Merkelius
842 2097 875 2171 (l.
895 2114 917 2155 c
933 2115 962 2173 p.
978 2095 1048 2174 403)
1068 2101 1265 2176 persuaserit,

160 2200 211 2273 qui
245 2200 311 2276 ipse
342 2200 478 2260 diuersas
512 2219 562 2259 eas
586 2217 635 2258 res
662 2198 846 2258 confundere
872 2206 983 2275 poetae
1008 2218 1073 2258 esse
1099 2203 1264 2275 concessit3

159 2319 257 2377 neque
288 2304 367 2363 enim
397 2304 554 2379 ignorabit
583 2303 676 2378 leges,
707 2319 783 2376 quae
813 2303 878 2361 inre
908 2303 1034 2380 publico
1065 2303 1127 2363 dici
1154 2306 1264 2380 solent,

160 2403 270 2466 dulias.
1209 2399 1211 2402 ’

236 2509 377 2584 Denique
398 2527 531 2569 versum:

299 2611 542 2682 „Concessumque
560 2611 635 2681 patri
654 2610 783 2663 mundum
801 2609 884 2663 dous
903 2610 976 2679 ipse
996 2611 1134 2666 mereris.“

160 2715 205 2774 ita
225 2716 487 2791 interpretandum
508 2732 573 2774 esse
594 2715 667 2773 licet
680 2730 811 2788 censeas,
832 2719 867 2771 ut
879 2718 997 2788 patrem
1014 2713 1183 2790 Gaesarem,
1206 2717 1264 2777 Oc·

161 2819 316 2878 turianum
346 2819 434 2877 deum
464 2818 635 2893 intellegas,
665 2817 718 2874 vix
747 2819 847 2875 tamen
877 2815 1026 2874 rationem
1056 2817 1190 2892 aliquam
1220 2820 1264 2878 in·

162 2923 274 2998 venias,
301 2939 360 2996 qua
386 2940 431 2997 ca,
459 2939 534 2996 quae
560 2921 794 2993 subsequuntur,
819 2917 935 2993 pariter
960 2918 997 2977 de
1018 2919 1077 2978 hoc
1096 2920 1178 2980 dicta
1200 2940 1264 2982 esse

161 3043 279 3102 arguas.
320 3025 397 3084 Inde
418 3025 497 3084 enim
518 3043 536 3083 a
556 3025 582 3097 Ι,
604 3026 640 3084 10
660 3023 734 3081 haec
755 3024 891 3080 exstante

298 3162 398 3228 „Hunc
416 3161 480 3215 milri
500 3201 507 3216 .
525 3201 532 3216 .
551 3201 558 3216 .

272 3271 277 3280 ·
301 3249 378 3315 „Das
397 3249 517 3303 animum
535 3247 661 3316 viresque
679 3245 749 3300 facis
768 3246 803 3299 ad
821 3249 903 3301 tanta
921 3247 1060 3315 canenda3

301 3335 379 3401 „lam
398 3335 578 3406 propriusque
596 3332 672 3386 favet
690 3333 806 3386 mundus
825 3333 1011 3387 scrutantibus
1029 3334 1121 3403 ipsum

299 3421 355 3486 „st
373 3420 449 3491 cupit
468 3418 605 3473 aetherios
622 3434 672 3488 per
689 3419 812 3473 carmine
829 3420 950 3489 paudere
969 3435 1077 3476 census.

301 3506 382 3574 „Hoc
399 3508 449 3561 sub
468 3521 553 3578 pace
571 3506 679 3560 vocat.“

245 3644 381 3704 (iouente
411 3644 507 3720 igitur
537 3642 652 3702 caelum
683 3643 847 3717 stellasque
875 3660 1036 3718 earumque
1060 3643 1141 3702 vires
1166 3650 1269 3722 poeta,

165 3748 246 3807 circs
267 3746 427 3806 dulcedine
447 3746 532 3823 pacis
552 3746 704 3805 fruuntur.
737 3745 816 3807 Post
835 3747 950 3806 cladem
965 3747 1164 3823 Varianam*)
1185 3754 1268 3806 anie·

166 3868 255 3926 qnam
271 3849 458 3909 Octavianus
484 3849 565 3908 diem
585 3867 756 3926 supremum
777 3850 915 3923 obiisset,
935 3868 1006 3909 num
1026 3869 1103 3908 unus
1125 3850 1185 3909 fuit
1205 3850 1269 3909 sine

164 3954 252 4032 gravi
277 3953 359 4012 bello
386 3953 502 4013 annus?
543 3953 638 4012 Immo
663 3955 789 4028 accepta
813 3951 868 4011 illa
888 3952 983 4027 clade,
1012 3970 1101 4028 quam
1120 3953 1269 4012 Manilius

163 4085 369 4098 —u-

233 4167 256 4241 ⁹)
276 4169 344 4223 Tac.
363 4169 436 4224 Ann.
454 4167 505 4237 111,
523 4168 564 4222 28.
583 4167 635 4235 IV,
652 4167 694 4222 42.
731 4166 761 4235 ιο)
781 4166 855 4222 Ann.
872 4166 896 4235 I,
913 4170 954 4223 rt.
990 4168 1017 4236 *)
1037 4167 1112 4224 Man.
1130 4167 1152 4235 1,
1169 4169 1228 4223 899.
