2880 5182
613 350 823 410 ..32-

171 532 259 592 010110
286 532 429 609 quoniam
451 533 590 592 omnibus
612 534 686 593 satis
706 534 838 594 literatis
859 533 955 610 pestis
975 534 1186 610 Atheniensis,
1214 552 1274 608 qua

169 636 304 696 Pericles
324 637 427 713 periit,
454 636 485 693 in
506 642 634 696 mentem
655 639 748 712 venit,
775 637 922 695 Manilius
944 639 1060 715 etipse
1082 637 1274 696 occasionem

170 745 296 798 nanctus
318 745 364 798 001
385 741 513 800 canendi
535 742 559 816 Ι,
581 745 651 801 881:
672 758 803 817 corpora

322 857 461 930 „Corripit
480 862 614 916 exustis
632 861 753 915 letalis
771 860 909 914 flamma
927 861 1088 916 medullis

326 945 518 1016 Labeatisque
533 948 607 1017 rapit
624 947 741 1018 populos
759 949 889 1015 totasque
909 963 956 1012 per
974 949 1057 1002 urbes

324 1031 442 1087 Publica
461 1034 602 1087 succensis
620 1036 788 1103 peraguntur
806 1032 864 1086 fata
883 1031 1042 1102 sepulcris.“

245 1153 310 1211 Iam
338 1171 409 1212 vero
437 1172 500 1227 eos,
528 1154 580 1229 qui
606 1171 653 1212 res
679 1173 697 1211 a
719 1153 826 1211 Tacito
854 1154 985 1212 traditas
1006 1154 1151 1214 memoria
1171 1160 1272 1214 custo-

167 1256 266 1332 diunt,
302 1258 392 1316 simul
426 1259 547 1333 quando
581 1259 679 1334 prima
712 1256 937 1316 Astronomicis
971 1276 1076 1316 manus
1111 1259 1273 1319 accesserit

169 1367 347 1434 quaerentes
378 1362 466 1420 valde
497 1361 663 1419 delectabit
693 1380 728 1420 ea
757 1361 858 1438 legere
892 1363 996 1436 verba,
1023 1380 1098 1436 quae
1125 1367 1195 1422 ante
1221 1363 1272 1420 de-

168 1464 365 1540 scriptionem
385 1465 579 1540 pestilentiae
601 1468 685 1524 sunt:

355 1592 518 1664 „Nunquam
537 1594 658 1648 futilibus
676 1594 826 1648 excanduit
843 1593 951 1663 ignibus
970 1595 1066 1648 estber

355 1678 590 1750 squalidaque
610 1680 687 1734 effusi
707 1680 854 1751 deplorant
872 1697 953 1733 arva
973 1678 1064 1734 coloni

355 1767 393 1819 Et
410 1767 554 1820 steriles
572 1767 644 1820 inter·
661 1766 778 1820 sulcos
797 1766 920 1820 defessus
940 1770 1035 1820 arator

358 1853 406 1906 Ad
424 1853 488 1922 iuga
506 1856 662 1907 maerentes
681 1854 755 1922 cogit
773 1853 905 1906 frustrata
922 1852 1080 1906 iuvencos.“

244 1979 352 2055 Neque
380 1980 460 2039 enim
484 1970 568 2040 000110
590 1986 680 2056 atque
702 1999 746 2057 ea,
768 1998 843 2055 quae
864 1987 954 2041 antea
975 1982 1006 2039 11
1028 1987 1164 2040 nostrum
1185 1999 1270 2041 usum

167 2086 314 2160 converti,
344 2086 434 2144 rebus
460 2085 532 2143 anni
558 2084 653 2143 Urbis
682 2088 738 2145 770
763 2084 1044 2144 accommodantur:
1075 2085 1174 2144 victus
1200 2086 1269 2145 dico

165 2189 337 2266 angustias,
375 2207 449 2263 quae
488 2195 551 2247 tum
585 2187 617 2245 11
648 2188 804 2247 nonnullis
837 2189 920 2246 orbis
950 2191 1100 2247 terrarum
1129 2189 1270 2266 partibus

168 2296 299 2353 fuerunt.
349 2292 503 2352 Certiorcs
539 2293 617 2351 01111
651 2293 703 2351 1110
737 2290 905 2350 Annalium
939 2291 1072 2367 scriptor
1106 2310 1161 2350 nos
1197 2293 1271 2351 facit

167 2398 302 2472 undique
337 2415 372 2456 eo
407 2400 543 2472 tempore
579 2396 696 2454 venisse
731 2395 849 2470 legatos
880 2394 1115 2471 provinciarum,
1149 2396 1201 2471 qui
1232 2397 1270 2454 de

167 2502 281 2561 exactis
303 2501 504 2577 vectigalibus
526 2499 719 2576 gravioribus
741 2501 1017 2573 conquererentur:
1039 2497 1157 2576 Syriam
1178 2505 1270 2575 atque

166 2605 324 2679 Iudaeam,
355 2604 450 2663 fessas
479 2604 639 2679 oneribus,
668 2601 905 2661 deminutionem
932 2601 1040 2661 tributi
1063 2621 1181 2673 01000ος
1208 2604 1269 2661 iru-

164 2709 263 2768 ctibus
297 2708 513 2784 Cappadocum
542 2707 675 2764 levatum
706 2723 770 2765 0000
802 2704 981 2763 centesimae
1013 2707 1160 2782 vectiga13
1193 2708 1269 2767 alias

166 2829 286 2886 quoqne
312 2811 408 2869 Asiae
442 2811 583 2869 civitates
615 2809 711 2867 levari
737 2809 863 2867 tributis
888 2808 1039 2884 placuisse
1065 2808 1206 2884 mittique
1232 2829 1269 2869 ex

167 2920 282 2986 senatu,
316 2915 367 2989 qui
400 2913 575 2990 praesentia
607 2917 757 2988 spectaret
787 2909 1007 2986 refoveretque.
1047 2912 1114 2971 Nec
1144 2914 1269 2973 dubium
1348 2906 1355 2924 '

165 3036 230 3077 esse
255 3021 369 3094 potest,
397 3018 470 3092 quin
498 3016 569 3077 talis
590 3014 736 3092 pecuniae
758 3015 864 3090 iuopia
884 3019 952 3074 orta
972 3015 1066 3075 110111
1084 3017 1210 3075 maxime
1232 3035 1269 3075 ex

165 3122 328 3181 sterilitate
365 3140 515 3197 agrorum,
554 3120 696 3195 quoniam
725 3123 818 3195 poeta
848 3119 913 3194 ipse
945 3117 1062 3195 Syriam
1092 3120 1163 3195 (IV,
1197 3119 1267 3195 624)

165 3230 320 3301 perustam
351 3243 415 3283 esse
447 3227 585 3284 testatur.
631 3223 722 3283 Adde
755 3223 836 3298 quod
862 3242 888 3281 a.
914 3223 955 3281 U.
982 3241 1005 3283 c.
1033 3227 1088 3284 768
1114 3224 1268 3282 001111110

166 3328 312 3387 imbribus
339 3327 451 3386 accidit
476 3328 585 3404 ingens
607 3327 727 3386 Tiberis
754 3327 914 3386 inundatio
944 3345 1067 3401 eamque
1094 3332 1196 3386 secuta
1222 3332 1269 3386 001

166 3431 371 3491 aedificiorum
399 3436 429 3490 01
454 3432 609 3490 hominum
634 3437 751 3508 strages
779 3448 814 3490 ac
840 3430 978 3489 nimirum
1005 3431 1107 3489 nescio
1135 3437 1209 3505 quot
1234 3432 1266 3489 in

165 3553 261 3594 annos
289 3536 387 3594 aratio
419 3535 546 3594 deserta.
595 3535 663 3609 Qua
688 3553 720 3594 re
747 3535 896 3593 miseriam
924 3533 1107 3593 rusticorum
1132 3540 1166 3593 ut
1192 3535 1267 3594 foris

165 3640 209 3698 sic
233 3657 330 3715 prope
351 3638 479 3698 Romam
506 3657 571 3697 cum
597 3637 835 3698 animadvertere
863 3637 994 3712 licuerit,
1025 3638 1162 3713 querelas
1187 3638 1267 3716 apud

166 3742 322 3801 Tiberium
353 3743 597 3818 frequentissime
629 3745 709 3801 00110
741 3742 860 3800 auditas
892 3758 992 3800 nonne
1024 3742 1172 3802 Manilius
1204 3743 1266 3802 suis

166 3846 267 3905 verbis
288 3852 425 3923 repetere
446 3845 586 3905 videtur?

240 3951 291 4009 An
316 3950 493 4028 probaturis
520 3948 578 4007 hoc
605 3949 694 4007 nobis
721 3966 798 4025 opus
824 3951 871 4007 est
893 3949 1101 4008 demonstrare
1129 3949 1265 4026 singulas

166 4072 240 4129 quas
261 4055 326 4113 dixi
346 4074 373 4114 a.
394 4054 434 4113 U.
456 4057 512 4113 770
533 4069 581 4111 100
603 4052 783 4111 caelestibus
805 4053 956 4112 ominibus
976 4069 1041 4112 esse
1057 4051 1265 4130 significatus?

88 4199 90 4204 -
165 4159 269 4236 Immo,
295 4159 353 4219 hoa
378 4157 503 4235 dignum
529 4155 675 4216 mehercle
695 4159 743 4215 est
762 4156 974 4217 lucubratione
995 4158 1181 4216 anicularum
1203 4156 1266 4215 sive
