2880 5182
617 388 828 449 ..54-

243 573 304 634 Sed
323 581 424 635 tamen
446 574 584 650 primum,
607 573 658 648 qui
679 577 751 632 sunt
771 590 807 631 ex
827 572 886 631 hoc
900 591 1022 632 numero
1037 573 1195 634 nouissimi
1210 594 1276 635 ver-

165 696 224 754 sus,
246 696 298 738 eos
320 679 485 754 quidquam
505 678 538 736 iu
558 683 694 736 nostram
714 693 833 736 oausam
848 675 990 735 tuendam
1005 678 1148 737 momenti
1163 679 1275 740 habere

163 782 317 859 praefacto
343 780 553 858 denegandum
574 785 628 839 est.
671 779 819 858 Spectant
839 780 918 838 euim
940 781 1003 839 siue
1024 780 1117 841 dubio
1140 782 1177 840 ad
1200 782 1276 860 Ap-

166 883 307 963 piune),
329 885 381 960 qui
402 885 550 943 librorum
571 884 762 960 auguralium
782 884 914 959 scriptor
933 889 963 941 et
976 885 1277 961 psychomantiorum

166 989 309 1049 eonditor
345 987 523 1064 cognitione
557 1005 656 1046 rerum
690 987 935 1046 absconditarum
965 1005 1031 1045 cum
1061 988 1173 1064 Figulo
1204 1008 1275 1049 con·

165 1095 286 1151 iunctus
308 1092 367 1151 iam
387 1112 413 1151 a.
428 1093 469 1151 U.
491 1097 546 1154 706
568 1091 647 1150 diem
668 1091 756 1165 obiit,
777 1091 901 1165 eiusque
916 1094 1127 1166 assectatores,
1148 1109 1277 1167 quorum

165 1197 245 1256 vitas
267 1195 389 1255 omnino
412 1197 597 1272 ignoramus,
618 1196 662 1255 ita
681 1200 716 1254 ut
730 1194 820 1253 nobis
836 1194 957 1269 quidem
972 1195 1186 1269 quaerentibus
1202 1196 1276 1271 quid

165 1304 238 1377 post
263 1319 289 1358 a.
318 1301 374 1359 762
395 1300 443 1358 vel
464 1301 568 1376 potius
591 1302 646 1360 770
663 1295 705 1356 ad
726 1298 890 1356 Manilium
909 1298 1100 1381 referendum
1121 1299 1171 1373 sit,
1197 1299 1276 1357 nihil

166 1402 305 1479 profecto
328 1404 542 1480 respondeant.
573 1403 639 1462 Nec
660 1403 755 1462 maius
778 1403 866 1461 uobis
889 1403 1076 1462 commodum
1097 1402 1220 1462 affertur
1238 1423 1277 1462 ex

167 1506 204 1564 iis
230 1509 342 1583 verbis,
369 1525 445 1583 quae
472 1507 615 1583 leguntur
640 1506 677 1564 de
705 1505 897 1582 serpentibus
927 1509 958 1564 et
977 1506 1014 1564 de
1035 1507 1146 1566 herbis.
1186 1506 1277 1583 Nam,

167 1611 226 1669 nisi
257 1612 337 1670 forte
364 1610 447 1669 omni
472 1609 695 1684 interpretandi
721 1609 841 1669 ratione
868 1628 1010 1683 caremus,
1040 1611 1138 1686 accipi
1166 1628 1201 1669 ea
1225 1629 1276 1670 ne·

167 1730 248 1773 cesse
279 1722 324 1773 est
353 1713 396 1773 de
422 1711 588 1771 Aemilio
615 1711 759 1788 Macro,
793 1724 879 1787 quem
906 1712 1039 1789 Vergilii
1066 1715 1192 1773 amioum
1216 1732 1276 1774 me-

167 1818 281 1877 moriae
310 1817 438 1877 tradidit
467 1816 605 1893 Ovidius‚
632 1834 698 1875 cum
724 1816 868 1875 scriberet
895 1834 931 1875 ex
957 1816 1060 1875 Ponto
1087 1817 1193 1894 (Trist.
1218 1817 1276 1889 IV,

169 1925 214 1998 10,
234 1923 304 1998 43):

322 2034 433 2104 „Saepe
451 2049 516 2089 suas
534 2032 658 2088 volucres
676 2032 744 2101 legit
763 2032 827 2085 mihi
846 2032 975 2101 grandior
994 2049 1062 2087 aevo

360 2119 492 2190 Quaeque
511 2122 593 2174 necet
611 2135 732 2188 serpens,
751 2134 823 2188 quae
843 2119 919 2172 iuvat
936 2119 1030 2186 herba,
1047 2119 1173 2184 Macer“;

168 2238 259 2308 atque
288 2239 394 2292 auctor
417 2232 656 2292 Catonianorum
680 2231 881 2290 distichorum
900 2232 1006 2290 laudat
1025 2232 1072 2290 his
1093 2232 1277 2329 hexametris

170 2336 372 2413 praefationis
394 2337 466 2395 libri
486 2336 534 2395 II:

582 2447 680 2516 „Quod
699 2446 723 2500 si
741 2463 821 2516 mage
840 2463 921 2501 nosse
939 2446 1049 2503 labores

322 2531 478 2587 Herbarum
498 2534 577 2602 vires,
595 2535 690 2588 Macer
707 2534 758 2587 has
769 2532 828 2586 tibi
848 2532 968 2587 carmine
987 2533 1084 2589 dicet“.

58 2686 60 2690 -
168 2644 229 2704 Hic
250 2650 350 2705 autem
369 2651 463 2722 poeta
483 2664 549 2705 eum
569 2666 595 2705 a.
619 2647 660 2706 U.
682 2649 737 2706 739
760 2647 825 2723 (cfr.
839 2646 967 2705 Hieron.
989 2647 1027 2704 ad
1048 2665 1074 2704 a.
1089 2646 1167 2706 Abr.
1188 2645 1274 2718 2001)

167 2747 199 2805 in
219 2746 295 2807 Asia
319 2754 455 2809 mortuus
477 2750 526 2826 sit,
553 2750 633 2809 facta
653 2751 690 2809 de
711 2769 747 2810 eo
769 2751 922 2810 mentione
943 2749 1090 2807 Manilius
1111 2750 1177 2826 ipse
1198 2751 1275 2809 nihil

167 2852 296 2928 amplius
322 2856 452 2912 testatur
480 2870 568 2927 quam
588 2853 806 2913 Astronomica
833 2871 863 2912 se
890 2853 1047 2930 scripsisse
1075 2857 1146 2929 post
1171 2872 1197 2911 a.
1219 2854 1275 2912 cir-

167 2956 243 3014 citer
275 2957 344 3030 735,
379 2957 476 3032 quod,
507 2960 541 3015 ut
571 2957 667 3032 ipsius
700 2958 800 3017 verbis
831 2960 916 3033 utar,
947 2957 1044 3016 solum
1074 2958 1196 3016 novisse
1225 2977 1277 3034 pa-

170 3076 237 3117 rum
257 3063 314 3118 est.

244 3159 319 3219 Plus
345 3180 417 3221 vero
445 3180 628 3238 cognoscere
656 3164 745 3222 nobis
773 3163 894 3238 quidem
920 3164 991 3222 licet
1015 3182 1052 3223 ex
1072 3165 1169 3224 altera
1188 3169 1276 3242 parte

168 3280 272 3323 versus
294 3267 341 3340 43,
364 3265 416 3340 qui
439 3270 498 3326 est:

324 3369 415 3435 „Ecce
436 3369 503 3424 alius
522 3368 613 3439 pietas
631 3370 757 3425 volucres
777 3386 814 3424 ae
832 3369 927 3425 bella
946 3370 1127 3425 ferarum“.

167 3469 236 3529 Hae
262 3472 341 3531 enim
365 3473 424 3531 iam
450 3491 476 3561 a.
505 3477 579 3535 1600
605 3471 771 3552 Scaliger9)
797 3494 816 3533 a
840 3475 971 3534 Manilio
995 3473 1122 3534 Gratii
1148 3492 1275 3550 carmen,

168 3575 249 3650 quod
277 3576 455 3636 inscribitur
484 3576 677 3655 Cynegetica,
705 3579 869 3655 significari
896 3579 1035 3654 coniecit,
1062 3579 1110 3637 cui
1135 3597 1275 3637 assensus

167 3682 214 3738 est
239 3698 266 3738 a.
295 3677 591 3773 03211011ιή111
619 3683 651 3740 in
678 3681 868 3758 praefatione
889 3682 1006 3756 critica,
1032 3699 1090 3757 qua
1110 3681 1275 3741 editionem

168 3781 269 3854 Gratii
301 3787 332 3840 et
355 3781 531 3845 Nemesiani
558 3785 715 3869 iustruxit.
760 3784 880 3844 Deinde
907 3785 1042 3845 lacobus
1068 3792 1166 3846 totum
1191 3786 1275 3844 illius

235 4032 256 4100 Β1
276 4032 333 4089 on.
353 4034 436 4090 ruso.
455 4034 477 4097 1,
497 4037 537 4090 re.
556 4035 591 4089 aa
608 4034 645 4088 ue
664 4034 716 4090 arv.
735 4035 756 4102 1,
777 4036 818 4089 se.
838 4036 896 4089 131..
923 4033 945 4103 ⁹)
965 4015 1020 4091 oo.
1039 4037 1137 4106 castig.
1154 4038 1182 4090 n
1200 4036 1276 4090 uun.

168 4135 195 4188 p.
216 4120 273 4186 113,
300 4120 347 4182 ubi
370 4121 462 4190 pictas
479 4120 603 4176 volucres
621 4121 704 4175 refert
722 4121 758 4175 ad
772 4120 956 4195 Ὀρνιθογονὶαν
974 4122 1069 4189 Maon,
1093 4139 1173 4192 quem
1192 4137 1276 4193 supra

171 4219 389 4262 commemoravi.
