2880 5182
616 370 826 430 ..46-

168 577 255 634 quarn
281 577 299 618 a
324 577 396 617 cura
420 555 628 633 praestantior
652 554 825 613 haberetur.
866 552 1011 613 Sermone
1033 553 1150 613 Graeco
1173 573 1273 629 quam-

168 680 256 736 quam
280 662 357 720 alias
377 662 537 736 promptus
558 666 588 716 et
605 658 712 732 facilis,
740 677 802 716 non
823 661 924 717 tamen
945 675 1039 732 usque
1061 675 1178 732 quaque
1200 677 1272 715 usus

167 773 221 824 est.
260 764 491 837 Abstinuitque,
518 767 551 820 ut
572 760 657 837 prius
679 805 686 818 .
708 806 714 818 .
738 807 744 819 .
770 762 914 820 veniam
933 761 1163 836 postularit,
1192 761 1274 835 quod

167 869 226 926 sibi
256 867 369 925 verbo
395 866 598 942 peregrino
625 865 769 923 utendum
795 869 875 923 esset
900 868 991 938 atque
1018 866 1170 923 censuerit
1196 908 1202 923 .
1231 911 1237 924 .
1267 909 1273 922 .

165 990 222 1048 pro
236 971 399 1046 peregrina
413 974 579 1028 nostratem
592 967 804 1041 requirendam
818 975 880 1041 aut,
896 967 922 1023 si
936 985 998 1024 non
1013 961 1206 1042 reperiretur,
1221 967 1270 1025 vel

165 1075 305 1150 pluribus
331 1079 361 1131 et
387 1091 442 1148 per
468 1071 613 1129 ambitum
638 1072 799 1128 verborum
827 1088 888 1128 rem
914 1071 1164 1128 enunciandam.“
1204 1070 1274 1128 Huc

166 1176 306 1235 addenda
333 1182 412 1250 sunt,
438 1193 513 1250 quae
541 1175 619 1232 idem
646 1172 778 1249 scriptor
803 1179 893 1235 antea
913 1173 945 1231 in
965 1174 1030 1231 vita
1053 1171 1214 1230 Octaviani
1236 1173 1273 1231 de

165 1279 289 1338 Tiberio
309 1279 379 1336 huic
399 1277 602 1335 dissimillimo
617 1278 749 1352 posteris
770 1296 832 1335 non
854 1277 1029 1336 occultavit.
1046 1261 1050 1269 ⁶
1066 1255 1191 1352 „Genus
1208 1276 1268 1334 elo-

166 1382 278 1458 quendi
298 1383 472 1457 Augustum
493 1382 538 1439 ait
557 1383 691 1439 secutum
713 1398 777 1438 esse
798 1380 921 1455 elegans
942 1387 1201 1455 attemperatum,
1229 1379 1272 1435 vi-

166 1488 238 1546 tatis
264 1485 481 1544 sententiarum
506 1484 631 1559 ineptiis
655 1490 746 1558 atque
767 1482 973 1541 concinnitate
995 1490 1026 1542 et
1046 1482 1272 1541 reconditorum

165 1591 334 1662 verborum,
364 1591 399 1646 ut
429 1589 495 1664 ipse
524 1586 645 1660 dixerit,
676 1587 845 1644 foetoribus
854 1606 861 1658 ;
892 1587 1145 1662 praecipuamque
1172 1604 1273 1644 curam

165 1710 233 1750 cum
253 1691 385 1760 duxisse,
406 1708 525 1748 sensum
546 1689 638 1746 animi
660 1696 748 1763 quam
768 1689 959 1764 apertissime
983 1691 1151 1766 exprimere
1171 1672 1202 1748 et
1221 1690 1273 1746 vi-

164 1795 310 1854 tavisse
332 1794 524 1853 omnimodo
547 1792 826 1853 obscuritatem.
860 1785 1022 1852 cacozelos
1037 1799 1067 1851 et
1081 1793 1272 1867 antiquarios

166 1903 201 1957 ut
220 1898 341 1955 diverso
363 1915 472 1972 genere
495 1897 623 1954 vitiosos
644 1896 711 1971 pari
733 1896 858 1954 fastidio
880 1898 918 1955 ab
939 1915 974 1954 eo
997 1915 1061 1954 esse
1079 1904 1197 1972 spretos
1218 1915 1272 1954 nec

166 2001 338 2077 pepercisse
369 2000 495 2058 eundem
523 2000 677 2058 Tiberio
704 1999 839 2057 exoletas
866 1999 1018 2057 interdum
1043 2005 1074 2056 et
1098 2000 1272 2057 reconditas

166 2104 248 2162 vocis
270 2103 463 2178 aucupanti.“
485 2135 520 2144 -—
541 2101 681 2176 Denique
702 2103 823 2160 maximi
838 2103 895 2160 hoc
911 2103 1032 2177 quidem
1046 2103 1113 2161 loco
1129 2103 1271 2160 momenti

165 2215 220 2280 est,
246 2207 329 2281 quod
350 2204 514 2264 Suetonius
540 2206 645 2263 docuit
667 2205 791 2264 Tiberio
819 2206 945 2264 maxime
966 2224 1054 2263 curae
1076 2207 1168 2263 fuisse
1192 2207 1270 2264 noti·

166 2311 238 2368 tiam
259 2309 405 2366 historiae
427 2308 572 2366 fabularis
594 2326 688 2382 usque
710 2308 749 2367 ad
771 2309 903 2384 ineptias
924 2315 1015 2383 atque
1032 2309 1165 2367 derisum
1180 2315 1270 2383 atque

165 2413 284 2470 venisse
305 2411 456 2470 interdum
477 2411 602 2469 heroum
622 2412 652 2468 in
674 2412 931 2471 consuetudinem.
1039 2391 1041 2394 V

242 2515 336 2601 Haec
353 2516 449 2590 igitur
475 2515 600 2572 Tiberio
625 2514 769 2588 loquente
797 2523 868 2573 sunt
894 2517 1116 2575 animadversa:
1142 2518 1271 2593 primum

164 2638 272 2679 vocum
290 2619 518 2696 peregrinarum
532 2619 673 2694 pertinax
694 2619 889 2694 contemptio,
911 2619 1020 2677 deinde
1035 2621 1196 2679 verborum
1218 2622 1270 2679 ob-

167 2723 333 2782 soletorum
352 2741 435 2796 usus,
455 2727 518 2780 tum
538 2722 613 2780 mira
635 2722 805 2780 fabularum
825 2723 983 2796 admixtio,
1004 2723 1134 2797 denique
1148 2726 1272 2800 egregia

167 2826 384 2885 sententiarum
411 2825 590 2884 obscuritas.
637 2824 745 2898 Neque
772 2827 803 2882 in
829 2827 904 2884 alias
931 2843 978 2883 res
1006 2827 1183 2901 easdemque
1212 2845 1274 2884 non

167 2930 351 2988 necessarias
376 2929 464 2986 nimis
486 2947 625 3003 magnum
646 2927 779 2987 studium
800 2930 982 3004 multamque
1005 2949 1128 3005 operam
1142 2931 1274 2989 contulit

165 3033 321 3091 Manilius.

244 3134 323 3194 Sunt
348 3111 436 3210 enim,
462 3140 496 3194 ut
521 3154 539 3193 a
564 3137 726 3212 postremis
752 3136 905 3212 incipiam,
939 3136 1105 3194 sententiae
1126 3142 1157 3194 et
1176 3136 1274 3194 brevi·

166 3242 230 3297 tate
257 3245 288 3297 et
315 3239 502 3297 obscuritate
528 3240 663 3315 insignes
684 3257 750 3297 eum
772 3258 826 3314 per
847 3245 944 3298 totum
965 3258 1042 3315 opus
1063 3238 1190 3297 diffusae
1210 3243 1273 3296 tum

167 3340 198 3398 in
229 3341 342 3399 fabulis
367 3342 415 3399 vel
440 3342 578 3400 historiis
604 3344 678 3415 illis,
710 3337 835 3416 quarum
862 3344 1002 3402 carminis
1029 3344 1156 3402 ornandi
1184 3361 1274 3401 causa

166 3444 271 3503 miram
291 3445 409 3519 copiam
430 3445 576 3503 intextam
597 3446 740 3504 videmus.
784 3445 881 3519 Quam
901 3465 962 3504 rein
983 3453 1018 3504 ut
1038 3447 1183 3522 exemplis
1206 3446 1273 3504 illu-

167 3551 267 3622 strem,
287 3547 372 3605 locos
392 3550 520 3620 tautum,
539 3548 579 3606 ad
594 3549 670 3624 quo‘s
685 3549 786 3608 aditus
800 3550 1059 3608 commodissimus
1074 3556 1168 3626 patet,
1190 3569 1272 3608 mon·
1335 3598 1337 3603 .

168 3652 287 3723 strabo;
315 3668 383 3709 nam
409 3652 510 3710 neseio
537 3671 576 3711 an
603 3652 727 3728 longum
752 3653 792 3711 sit
818 3661 889 3710 ante
915 3652 1021 3710 oculos
1049 3654 1195 3711 lectorum
1220 3672 1272 3712 eos

167 3755 350 3812 verbotenus
370 3755 507 3829 singulos
520 3773 642 3829 ponere.
676 3756 814 3813 Ducente
827 3755 977 3813 Merkelio
993 3756 1144 3830 adspicias
1160 3774 1272 3829 quaeso

168 3857 193 3914 si
214 3858 324 3933 placet,
345 3856 520 3933 primuml,
542 3861 702 3932 tta—900,
723 3859 775 3916 ubi
796 3859 899 3934 plures
919 3877 967 3916 res
987 3866 1090 3934 gestae
1105 3867 1272 3935 tanguntur

168 3975 255 4032 quam
275 3967 345 4019 suut
365 3979 485 4034 versus3
507 3962 615 4019 deinde
636 3961 678 4036 II,
701 3965 783 4034 1-6,
809 3963 930 4035 12-17,
952 3965 1075 4035 25-36,
1096 3966 1151 4022 583
1173 3968 1204 4023 et
1219 3964 1270 4037 qni

166 4061 246 4120 hunc
272 4068 447 4138 sequuntur,
474 4064 623 4123 interdum
650 4065 681 4122 in
701 4063 811 4123 crassis
831 4065 987 4139 complura
1007 4066 1106 4125 iacent
1126 4068 1270 4140 tenebris,

168 4182 242 4238 quas
262 4166 301 4224 ad
321 4164 541 4242 dispergendas
562 4185 639 4244 opus
660 4173 706 4226 est
727 4167 843 4226 facibus
864 4159 976 4244 eo'rnm,
1004 4170 1054 4243 qui
1076 4171 1162 4244 quasi
1182 4172 1270 4228 antro
