2880 5182
659 405 868 466 -62-

459 592 624 646 Perveniant
641 592 712 646 istuc
730 595 758 645 et
777 591 899 646 carmina
918 592 1032 647 forsitan
1057 593 1112 660 illa,

459 675 536 743 Quae
555 681 589 732 do
609 681 637 732 te
657 677 718 732 misi
738 676 836 731 caelite
856 677 932 732 facta
954 696 1024 734 novo
1127 687 1130 694 '

340 766 380 830 13,
398 765 445 820 23:
686 763 784 816 laudes
804 763 838 816 de
863 762 984 820 (laesere
1003 766 1068 821 dixi.

461 849 533 905 Nam
552 851 639 921 patris
658 850 778 918 Augusti
797 849 878 904 docui
896 853 1013 906 mortale
1032 852 1117 906 fuisse

503 937 611 1007 Oorpus
630 937 658 989 in
677 937 822 990 aethereas
840 952 940 990 numen
959 937 1051 991 abisse
1071 936 1179 991 domus

213 1044 323 1103 deinde
342 1074 345 1080 <

287 1162 323 1229 ΙΙ,
343 1163 368 1229 5,
386 1163 431 1219 27:
458 1161 625 1231 Ingenioque
643 1176 706 1214 meo
723 1176 794 1213 vena
812 1160 886 1229 quod
904 1176 1031 1230 paupere
1050 1165 1147 1214 manat

499 1245 612 1300 Plaudis
631 1248 660 1298 et
678 1262 693 1298 e
711 1246 783 1300 rivo
802 1247 947 1300 flumina
967 1264 1089 1316 magna
1107 1248 1200 1302 facis

500 1332 615 1386 Ausus
633 1347 702 1385 sum
719 1335 815 1386 tantae
835 1349 940 1386 sumere
959 1334 1039 1388 molis
1058 1351 1137 1404 opus,

461 1417 559 1473 Obruit
577 1420 723 1472 audentem
743 1435 850 1472 rerum
869 1423 1097 1489 gravitasque
1116 1421 1285 1490 nitorque

420 1521 423 1526 ·
498 1503 559 1559 Nec
576 1505 656 1574 potui
674 1505 768 1574 coepti
787 1506 912 1574 pondera
930 1506 999 1560 ferre
1018 1508 1082 1561 mei.

272 1593 323 1660 ΙΙΙ,
340 1594 365 1660 4,
382 1595 430 1647 93:
457 1593 534 1646 Deus
553 1594 597 1645 est
615 1592 643 1644 in
661 1595 778 1661 pectore
795 1596 900 1659 nostro,

286 1678 323 1746 ΙΙ,
340 1682 366 1746 8,
385 1681 435 1734 57:
464 1679 572 1733 Felices
590 1677 639 1744 illi,
657 1678 703 1747 qui
722 1694 776 1731 non
795 1677 943 1732 simulacra
960 1680 1010 1732 sed
1028 1679 1106 1747 ipsos

475 1822 480 1833 ,.
499 1765 605 1834 Quique
623 1764 703 1817 deum
722 1779 815 1818 coram
834 1779 985 1833 corpora
1005 1780 1085 1818 vera
1102 1765 1235 1832 vident,

460 1851 540 1917 Quod
555 1851 686 1920 ⁸quoniam
705 1851 808 1904 nobis
826 1850 957 1904 invidit
974 1851 1101 1903 inutile
1122 1850 1240 1918 fatum,

502 1937 577 2003 Quos
596 1936 673 1990 dedit
692 1953 737 1989 urs
755 1936 872 1990 vultus
891 1935 1063 2006 effigiemque
1083 1936 1152 1991 colo.

460 2023 507 2079 Sic
524 2023 648 2077 homines
667 2038 767 2077 novere
786 2023 862 2089 deos,
881 2038 948 2091 quos
967 2021 1068 2077 arduus
1088 2024 1214 2077 aether

501 2107 653 2175 Occulit,
671 2112 699 2161 et
718 2109 815 2162 colitur
833 2124 883 2178 pro
902 2110 974 2162 Jove
993 2109 1081 2163 forma
1100 2111 1189 2164 lovis.

285 2249 344 2308 His
372 2267 408 2308 ex
428 2247 568 2307 distichis
588 2248 626 2322 ei,
649 2248 700 2320 qni
719 2247 939 2306 Astronomica
961 2248 1124 2323 scribebat,
1152 2249 1213 2306 alia
1232 2265 1320 2324 prae·

208 2360 257 2412 sto
283 2354 376 2412 fnisse
403 2352 518 2425 credes,
543 2356 582 2409 ut
603 2352 733 2426 primum
759 2350 817 2408 tibi
843 2351 875 2407 in
896 2354 1024 2410 mentem
1043 2352 1192 2411 redierint
1212 2351 1319 2412 laudes

209 2457 289 2533 illae,
312 2475 385 2533 quas
407 2458 439 2514 in
457 2455 569 2514 Divum
584 2453 760 2530 Augustum
781 2456 904 2529 eiusque
926 2455 1065 2514 heredem
1086 2457 1124 2514 ab
1145 2455 1205 2514 isto
1226 2459 1320 2531 poeta

208 2564 368 2635 congestas
389 2559 499 2618 iterum
518 2576 553 2616 ac
575 2559 696 2636 saepius
719 2561 882 2618 ostentavi.
917 2560 985 2634 Quo
1008 2579 1084 2636 quae
1105 2559 1167 2619 alia
1181 2564 1319 2636 spectare

208 2682 271 2722 non
291 2670 431 2740 possunt,
457 2681 495 2722 ne
515 2681 551 2721 ea
573 2662 694 2737 quidem
714 2663 794 2721 hunc
816 2663 953 2723 invenem
973 2665 1143 2740 ignorasse·
1154 2664 1319 2723 verisimile

208 2766 338 2825 fortasse
371 2767 472 2843 duces,
505 2773 671 2843 propterea
706 2766 786 2841 quod
818 2766 970 2825 similibus
1002 2768 1064 2826 fere
1095 2769 1196 2826 uerbis
1227 2768 1319 2826 modo

208 2870 287 2928 idem
316 2870 407 2930 modo
439 2871 623 2981 coptrarium
653 2869 752 2929 dicere
784 2869 938 2929 videbitur
970 2888 1016 2928 me
1044 2870 1186 2930 afferente
1213 2888 1319 2930 versus

206 2973 321 3033 hosce:
821 2982 823 2987 '

283 3105 320 3159 A.
337 3103 375 3171 ΙΙ,
392 3105 423 3160 8:
449 3103 564 3158 Homeri
581 3130 616 3141 -
634 3120 670 3157 ex
688 3119 735 3158 ore
753 3103 880 3172 profusos

452 3188 547 3244 Omnis
565 3191 716 3260 posteritas
733 3190 832 3244 latices
849 3191 877 3243 in
898 3192 1019 3245 carmine
1037 3192 1116 3245 duxit

447 3277 656 3346 Amnesmque
674 3277 708 3330 in
724 3281 845 3331 tenues
865 3293 948 3331 ausa
966 3281 1019 3330 ost
1033 3278 1318 3346 deducererivos

332 3361 355 3431 I,
372 3363 421 3418 20:
448 3362 519 3417 Bina
538 3364 602 3417 mihi
620 3364 719 3434 positis
736 3363 829 3417 lucent
848 3364 949 3417 altaria
967 3363 1093 3431 flammis,
1174 3397 1176 3400 -

447 3449 567 3505 Adduo
586 3451 691 3521 templa
708 3465 815 3522 precor,
834 3449 934 3519 duplici
954 3449 1138 3503 circumdatus
1158 3453 1259 3504 aestu

448 3537 622 3592 Carminis
642 3542 670 3590 et
688 3553 804 3591 rerum.

300 3621 336 3692 11,
357 3626 419 3680 136:
446 3624 528 3678 Haec
546 3639 598 3694 ego
617 3623 735 3677 divino
754 3623 863 3692 cupiam
883 3638 944 3676 cum
963 3622 998 3675 ad
1017 3621 1108 3676 sidera
1128 3622 1215 3676 flatu

447 3710 531 3765 Ferre
550 3724 602 3764 uec
620 3709 647 3762 in
665 3711 774 3763 turbam
788 3724 844 3762 -nec
862 3709 960 3762 turbae
979 3709 1101 3762 carmina
1119 3708 1245 3764 condam.

288 3795 341 3864 IV,
359 3797 424 3855 886:
451 3796 498 3850 An
523 3796 633 3849 dubium
658 3799 701 3848 eut
723 3795 885 3848 habitare
909 3795 1001 3848 deum
1021 3795 1081 3849 sub
1099 3798 1241 3865 pectore
1259 3811 1316 3848 no.

822 3882 913 3935 stro?

357 3969 422 4026 906:
449 3969 543 4023 Homo
563 4009 570 4023 .
589 4009 595 4022 .
615 3971 702 4043 capnt¹
718 3967 805 4021 victor
823 4007 829 4021 .
850 4008 856 4021 .
876 3967 910 4020 ad
930 3967 1021 4020 sidera
1040 3967 1124 4021 mittit

449 4053 632 4124 sidereosque
651 4052 746 4107 oculos
765 4053 945 4124 propriusque
964 4055 1112 4123 adspectat
1130 4052 1279 4123 Olympum

448 4140 617 4210 Inquiritque
634 4140 735 4194 Jovem
755 4155 806 4194 nec
824 4138 884 4194 sola
902 4139 990 4192 fronte
1010 4138 1122 4193 deorum

450 4224 603 4282 Oontentus
621 4229 717 4280 manet
734 4231 763 4281 ct
780 4226 888 4284 caelum
907 4227 1046 4283 scrutatur
1063 4226 1091 4280 in
1110 4225 1180 4283 alvo.
