2880 5182
653 342 865 403 ..18-

292 541 411 611 „Uetera
428 561 483 600 non
503 544 616 611 cedunt3
634 561 689 600 nno
707 544 850 600 vincuntur
868 545 896 599 in
916 546 999 611 astro,

289 630 485 701 Augustum
504 630 601 684 sidus
619 633 713 684 nostro
733 631 806 700 qnod
824 631 941 700 contigit
958 630 1032 687 orbi:

292 715 423 772 Caesar
439 731 527 770 nunc
544 716 669 783 terris,
688 720 768 785 post
786 716 884 771 eaelo
903 717 1074 796 maximus
1093 716 1246 769 auctorl“

279 837 330 896 Ad
364 838 439 896 haec
474 837 567 895 verba
602 835 762 894 adnotavit
791 836 958 897 Merkclius
994 837 1025 893 in
1058 836 1238 912 prolusione
1270 839 1308 898 ad

203 940 288 999 Ibin:
309 958 434 1016 „versus
454 939 654 1014 intellegendi
676 945 747 998 sunt
768 939 804 998 de
820 939 909 999 stella
924 939 1019 1014 Julia,
1042 939 1182 999 Caesaris
1198 942 1308 1001 statuis

204 1045 322 1121 apponi
348 1044 441 1103 solita
466 1046 504 1103 ab
524 1043 679 1118 Augusto,
706 1060 781 1118 quae
808 1042 846 1101 ad
872 1043 970 1118 ipsum
993 1059 1112 1117 quoqne
1133 1043 1309 1120 Augustum

206 1147 363 1207 referenda
383 1146 514 1220 videtur,
535 1148 561 1205 si
589 1145 708 1220 quidem
729 1164 766 1204 ex
788 1145 928 1222 augurali
948 1146 1112 1222 disciplina
1127 1148 1308 1223 explicanda

205 1251 275 1327 sit“,
300 1255 392 1326 atque
418 1251 497 1310 hano
521 1269 584 1309 rem
608 1249 746 1308 defendit
772 1250 837 1308 sine
865 1249 958 1308 dnbio
985 1253 1065 1309 recte
1092 1268 1181 1309 versu
1208 1249 1308 1309 Hora-

201 1353 323 1430 tiano,²)
355 1354 436 1414 uude
464 1355 576 1414 lulium
608 1353 692 1413 sidus
718 1353 853 1428 Augusti
879 1353 975 1429 ipsius
1002 1371 1124 1428 quoque
1149 1353 1309 1431 proprium

202 1457 296 1516 fuisse
321 1457 381 1516 iam
404 1451 459 1516 alii
484 1457 678 1532 collegerant.
719 1454 846 1514 Nullum
877 1461 978 1516 tamen
1005 1457 1126 1516 videtur
1152 1475 1308 1533 argumen-

202 1566 275 1635 tum,
298 1578 357 1635 quo
372 1561 425 1620 ille
440 1561 547 1636 utitur,
567 1567 602 1619 ut
616 1561 717 1636 verba,
739 1576 815 1633 qnae
831 1561 920 1619 modo
936 1561 1117 1636 interposui,
1137 1561 1309 1620 Maniliana

202 1664 355 1740 pertinere
386 1664 424 1723 ad
452 1662 651 1727 Octavianum
683 1666 812 1722 statuat:
843 1663 921 1721 nihil
951 1681 1080 1739 prorsus
1110 1665 1247 1738 interest,
1274 1669 1309 1722 ut

202 1771 288 1842 puto,
309 1768 345 1843 is,
365 1769 450 1827 ouius
471 1768 508 1827 de
524 1773 606 1826 astro
623 1767 736 1826 mentio
752 1766 795 1840 fit,
817 1766 958 1826 Juliaene
973 1768 1058 1842 genti
1074 1785 1104 1826 se
1119 1767 1305 1826 aceensuerit

202 1890 240 1931 an
267 1873 362 1948 aliia),
393 1872 445 1931 sed
473 1872 616 1947 quoniam
642 1870 760 1929 Julinm
785 1870 868 1928 sidus
894 1871 1069 1945 Augustum
1094 1887 1212 1945 quoque
1240 1887 1305 1928 esse

202 1975 314 2050 potuit,
335 1975 404 2050 plns
425 1974 464 2032 ad
484 1973 683 2032 dirimendam
703 1991 822 2031 causam
844 1978 875 2032 et
894 1975 944 2033 hic
964 1981 995 2032 et
1015 1975 1091 2033 alibi
1115 1975 1204 2049 valet,
1226 1973 1307 2049 quod

205 2077 343 2152 quisquis
372 2075 496 2136 Caesari
522 2077 554 2134 in
581 2077 708 2152 imperio
736 2084 930 2151 successerat,
958 2076 1097 2136 Caesaris
1122 2082 1153 2136 et
1172 2077 1309 2153 Augusti

202 2180 383 2255 cognomine
405 2183 530 2238 ornatus
551 2179 618 2236 fuit.
661 2178 751 2253 Quod
774 2180 800 2238 si
822 2180 942 2254 quidem
969 2187 1024 2255 est,
1049 2180 1138 2239 facile
1163 2180 1229 2238 fieri
1253 2198 1309 2255 po·

202 2283 271 2358 tuit,
291 2288 326 2341 ut
345 2283 467 2341 vivente
489 2281 659 2341 Octaviano
683 2282 766 2341 sidus
788 2283 865 2342 illud
881 2282 1007 2359 Julinm,
1028 2289 1148 2341 mortuo
1168 2283 1309 2359 principe

202 2383 378 2461 Augustum
412 2385 569 2461 appellare
603 2385 755 2460 astrologi
788 2385 1054 2461 consuescerent).
1105 2385 1170 2443 Vix
1199 2391 1308 2461 autem,

203 2505 382 2562 quamquam
418 2488 476 2547 iam
511 2489 607 2547 multo
646 2494 716 2547 ante
751 2488 900 2549 Horatius
932 2488 1090 2564 Vergilius
1126 2488 1309 2564 Propertius

204 2590 332 2651 Ovidius
355 2591 473 2650 Julium
494 2593 548 2650 sub
569 2591 745 2667 Augustum
764 2593 990 2668 depresserunt,
1020 2591 1106 2665 quasi
1127 2591 1309 2663 timuissent,

202 2712 239 2754 ne
264 2695 320 2755 illo
346 2695 503 2771 magnifiee
531 2695 685 2755 celebrato
712 2696 801 2755 huius
827 2695 931 2754 laudes
954 2695 1160 2770 obscurarent,
1186 2694 1308 2768 -vix,

203 2799 337 2874 inquam,
358 2804 405 2857 cst
425 2798 580 2872 credibile,
602 2800 661 2858 nisi
682 2799 761 2859 forte
783 2801 815 2857 in
837 2799 1022 2875 „augustus“
1037 2797 1190 2857 adieetivo
1204 2797 1308 2873 vulga-

203 2902 246 2961 ris
273 2919 379 2961 sensus
404 2901 492 2978 inest,
523 2907 645 2978 poetam
676 2903 835 2978 scripsisse
862 2902 1057 2978 „Augustum
1084 2905 1198 2960 astrum
1223 2899 1307 2959 caelo

204 3004 441 3081 septentrionali
468 3005 666 3081 contigisse“,
694 3011 856 3080 antequam
878 3005 1039 3065 Octaviani
1065 3005 1167 3064 anima
1191 3005 1224 3062 in
1245 3022 1310 3063 cae·

203 3108 265 3167 lum
289 3106 507 3168 adscendisset.
554 3108 639 3167 Ante
664 3109 723 3167 hoc
749 3114 867 3185 tempus
896 3109 1008 3168 mensis
1033 3106 1195 3184 Augustus
1224 3106 1311 3165 iuxta

204 3209 331 3284 Julium,
352 3229 408 3271 nee
428 3229 499 3270 vero
522 3211 606 3270 sidus
619 3211 795 3288 Augustum
816 3213 881 3271 vioe
903 3212 1011 3271 sideris
1026 3207 1105 3270 Julii
1119 3226 1185 3270 esse
1197 3209 1310 3286 potuit.

203 3313 312 3389 Itaque
332 3314 444 3373 rectius
467 3331 555 3389 quam
574 3315 714 3391 principe
735 3314 772 3374 de
793 3316 891 3390 vivo,
914 3332 1001 3389 quem
1014 3314 1180 3374 Merkelius
1194 3312 1309 3385 aliique

203 3417 391 3493 praeferunt,
422 3416 447 3492 I,
479 3421 630 3479 384-386
663 3419 815 3478 adnuente
834 3418 1030 3477 Lachmanno
1060 3416 1252 3494 accipiuntur
1272 3414 1310 3473 de

202 3519 295 3580 Divo.
315 3552 354 3564 -
373 3519 494 3580 Deinde
516 3539 601 3581 nemo
616 3540 715 3581 rerum
729 3521 938 3582 Romanorum
953 3522 1057 3581 obstat
1070 3520 1213 3594 scriptor,
1236 3535 1309 3593 quo·

202 3684 408 3697 *ι-

270 3805 293 3877 2)
313 3805 368 3863 on.
388 3804 483 3862 Orellii
500 3803 568 3860 Hor.
588 3802 640 3859 Od.
658 3802 680 3871 Ι,
699 3806 740 3872 12,
757 3805 799 3859 4v.
833 3801 856 3870 ³)
875 3802 930 3858 Ofr.
948 3802 1010 3857 Dio.
1023 3800 1102 3858 Cass.
1121 3801 1163 3868 55,
1180 3803 1222 3856 at.
1259 3798 1310 3856 Ov.

203 3889 280 3948 Fast.
298 3891 351 3962 IV,
373 3893 432 3948 859.
485 3890 506 3960 4)
530 3891 730 3945 Animadverte
753 3906 857 3960 quaeso
876 3905 1015 3960 nunquam
1032 3889 1096 3943 Divi
1113 3889 1134 3944 J
1138 3888 1199 3942 ulii
1217 3886 1309 3941 memi-

203 3978 278 4034 nisse
297 3982 364 4034 acta
383 3976 525 4033 Arvalium
550 3978 586 4031 ad
605 3975 706 4030 cultum
724 3977 814 4045 gentis
831 3975 922 4031 Julius
941 3976 1108 4046 pertinentia
1130 3975 1308 4046 primumque,

203 4064 249 4132 qui
271 4065 343 4119 inter
364 4065 451 4119 Divos
476 4066 711 4131 commemoretur,
729 4061 911 4118 Octavianum
930 4078 1001 4116 esse.
1037 4059 1091 4116 on.
1109 4059 1236 4115 Hannoni
1254 4059 1308 4114 aot.

203 4147 280 4205 fratr.
292 4149 393 4205 ¹Arval.
411 4165 440 4221 p.
460 4150 517 4205 149.
