2880 5182
630 771 841 834 ..13-

181 957 241 1034 iam
262 956 361 1034 primo
386 957 466 1015 libro
494 955 534 1034 (r.
555 957 624 1031 899)
657 954 689 1012 in
716 954 888 1014 memoriam
913 953 1041 1030 reducit,
1069 961 1189 1016 secutae
1215 962 1287 1018 sunt

182 1061 394 1138 expeditiones
436 1060 555 1119 Tiberii
589 1057 795 1133 Germanicae,
835 1057 914 1116 uude
954 1062 1027 1134 post
1058 1060 1214 1118 biennium
1247 1061 1286 1120 ad

181 1164 367 1241 triumphum
394 1182 455 1223 non
480 1164 569 1222 huius
591 1162 643 1221 sed
665 1161 831 1238 superioris
852 1161 1025 1222 Pannonici
1044 1163 1120 1221 belli
1141 1169 1286 1225 avocatus

183 1285 386 1327 successorem
416 1267 554 1343 „reliqua
583 1265 659 1325 belli
688 1264 899 1342 patraturum
931 1265 1040 1325 habuit
1066 1265 1287 1330 Germanicum.

182 1372 291 1446 ltaque
325 1388 392 1429 cum
425 1376 497 1429 ante
525 1367 662 1445 Augusti
695 1373 823 1426 mortem
854 1386 916 1445 pax
951 1388 988 1428 ne
1020 1370 1052 1428 in
1083 1388 1136 1448 spe
1167 1372 1288 1446 quidem

182 1473 276 1535 fuerit
302 1491 399 1549 neque
424 1472 611 1548 convenerit,
638 1470 720 1546 quod
740 1477 850 1546 postea
870 1472 1038 1542 ostendam,
1063 1478 1134 1534 ante
1154 1494 1288 1552 proavos

184 1574 1288 1653 mmmfflfffflfflmmmmmmmmwmmfflm

184 1677 1289 1757 mmmmmmmmmmwmafflmmmmmm·

186 1780 1289 1860 mmmmmmmmmoewmmmemfflwwfflmmn

185 1885 233 1943 nis
244 1892 317 1963 post
327 1886 365 1945 ad
377 1885 446 1944 Tib
455 1887 571 1944 erium
580 1883 750 1963 prinoipem
760 1884 821 1943 tale
833 1885 951 1960 aliquid
962 1887 1078 1962 optimo
1091 1888 1156 1948 iure
1167 1888 1289 1953 dari.-

259 1989 390 2049 Accedit
420 1988 514 2048 aliud.
554 1988 622 2046 Pax
648 1986 723 2062 sola,
755 1987 846 2046 etiam
873 1990 898 2047 si
925 1993 1021 2049 totam
1048 1991 1220 2066 pervitam
1246 1992 1290 2051 rei

183 2093 325 2169 publicae
347 2111 412 2152 eam
432 2110 612 2152 conservare
633 2090 768 2167 principi
789 2090 917 2149 maxime
938 2109 1028 2151 curae
1049 2099 1104 2169 est,
1126 2095 1227 2154 nescio
1250 2114 1289 2154 an

184 2196 271 2255 nulla
300 2201 389 2272 parte
420 2195 552 2253 sufficiat
582 2194 621 2252 ad
651 2193 839 2252 incitandum
869 2200 977 2270 vatem,
1014 2198 1193 2272 praesertim
1224 2216 1292 2258 cum

184 2300 342 2358 materiam
379 2317 457 2375 eam,
495 2315 554 2372 qua
591 2297 676 2355 nulla
711 2297 850 2374 asperior
879 2299 1036 2374 magisque
1066 2299 1161 2359 ardua
1190 2306 1295 2378 potest
1333 2356 1341 2373 ,

186 2402 366 2479 excogitari,
394 2419 482 2477 quam
509 2399 744 2476 diligentissime
769 2403 902 2460 tractare
923 2401 955 2459 in
976 2402 1108 2462 animum
1128 2404 1293 2484 induxerit,

187 2503 1293 2581 mffifflMmfflmmmmmqmme

186 2611 278 2670 lestes
304 2628 359 2670 uec
385 2627 468 2669 more
493 2608 578 2684 vulgi
605 2607 690 2666 rudis
718 2607 863 2684 neglegat
883 2612 937 2668 aut
956 2609 1135 2669 reformidet
1155 2616 1186 2669 et
1204 2614 1292 2669 tanto

186 2731 288 2773 amore
319 2712 481 2787 studioque
512 2711 722 2786 amplectatur,
752 2715 787 2768 ut
820 2710 991 2785 quicunque
1017 2713 1080 2772 illis
1107 2732 1168 2772 una
1194 2730 1294 2772 secum

188 2835 311 2893 operam
340 2815 444 2875 daturi
475 2815 550 2891 sint,
586 2832 639 2873 eos
669 2814 747 2872 bene
776 2813 922 2890 accipiat,
959 2815 1129 2892 collaudet,
1161 2815 1293 2874 adiuvet.

189 2919 365 2979 Cuiusmodi
391 2937 438 2978 res
464 2937 483 2977 a
507 2923 601 2995 poeta
626 2904 756 2976 indicari
781 2917 930 2992 versibus,
960 2934 1037 2992 quos
1059 2918 1181 2993 quidem
1202 2935 1295 2994 supra

189 3023 370 3100 interposui,
391 3028 529 3098 apertum
550 3025 582 3080 et
601 3021 795 3079 manifestum
815 3024 870 3080 est.
907 3020 997 3095 Quod
1020 3021 1046 3080 si
1068 3039 1205 3097 quaeras,
1226 3027 1295 3081 uter

189 3131 262 3204 post
288 3126 403 3186 cladem
422 3125 590 3184 Varianam
617 3125 677 3185 arti
703 3128 734 3184 et
753 3124 892 3200 poeticae
913 3127 945 3183 et
964 3125 1169 3201 astrologicae
1189 3125 1294 3184 favens

184 3230 373 3289 auctoritate
387 3247 442 3288 sua
455 3217 617 3287 Manilium
632 3228 740 3287 melius
756 3232 927 3287 sustentare
941 3228 1089 3305 potuerit,
1106 3227 1295 3288 Octauianus

189 3350 282 3392 senex
303 3351 342 3391 an
364 3331 516 3407 Tiberius,
536 3332 701 3408 plurimum
721 3349 793 3390 saue
816 3330 982 3390 Suetonius
1003 3336 1034 3389 et
1055 3329 1190 3406 Tacitus,
1212 3349 1296 3391 vera·

190 3434 304 3494 cissimi
330 3434 378 3493 illi
404 3440 554 3512 auctores,
580 3435 751 3511 conferunt,
778 3440 813 3493 ut
838 3434 968 3494 alterum
994 3433 1165 3512 principem
1185 3440 1296 3511 poetae

191 3538 347 3615 applicare
369 3538 507 3598 malimus
528 3539 578 3597 vel
597 3539 702 3614 potius
722 3538 894 3599 debeamus.

268 3639 435 3700 Suetonius
443 3641 479 3716 1¹)
512 3646 617 3701 narrat
648 3643 724 3701 mira
750 3642 880 3716 quadam
906 3639 1124 3716 superstitione
1150 3640 1297 3700 imbutum

191 3746 285 3805 fuisse
302 3744 513 3820 Octavianum,
527 3745 665 3804 tonitrua
679 3751 709 3804 et
723 3745 846 3820 fulgura
858 3744 951 3821 paulo
963 3743 1111 3802 infirmius
1123 3745 1297 3820 expavisse;

194 3850 310 3909 somnia
341 3865 440 3922 neque
471 3867 525 3906 sua
556 3865 653 3922 neque
684 3847 786 3908 aliena
814 3846 852 3906 de
884 3864 915 3905 se
947 3845 1075 3905 maxime
1100 3864 1156 3923 per
1181 3865 1297 3906 menses

195 3953 272 4012 veris
299 3953 485 4028 neglexisse3
516 3952 653 4028 auspicia
680 3951 826 4027 quaedam
852 3956 883 4010 et
908 3949 1010 4009 omina
1035 3968 1093 4026 pro
1121 3950 1298 4010 certissimis

195 4057 382 4131 observasse,
413 4061 528 4114 motum
558 4055 690 4114 ostentis
721 4055 858 4114 timuisse
890 4052 1037 4127 quosdam
1061 4052 1137 4128 dies,
1168 4053 1241 4127 quin
1267 4058 1298 4113 et

192 4159 344 4219 bellorum
375 4160 510 4219 omnium
539 4165 665 4218 eventus
696 4165 727 4218 et
758 4176 842 4217 suam
871 4161 998 4216 mortem
1026 4156 1243 4238 praesensisse
1263 4174 1299 4214 ac

193 4264 402 4337 divinitatem3
431 4262 571 4339 denique,
603 4262 685 4337 quod
712 4262 801 4321 nobis
829 4278 900 4320 saue
927 4277 1072 4319 summum
1098 4262 1153 4334 est,
1183 4262 1299 4318 tantam

196 4367 360 4444 Theogene
391 4373 514 4426 auctore
545 4362 685 4425 fiduciam
714 4366 787 4425 sati
816 4364 974 4436 habuisse,
1003 4369 1038 4421 ut
1068 4362 1189 4421 thema
1214 4379 1299 4422 suum

193 4499 399 4511 ——n——au

263 4583 295 4651 ¹¹)
314 4582 377 4638 Oct.
396 4598 419 4637 c.
437 4583 548 4638 90-95.
