2880 5182
650 375 861 436 ..20-

207 558 282 618 dicit
301 563 394 634 poeta
415 557 529 618 eaelum
550 559 616 634 regi
636 562 673 618 ab
694 559 849 635 Augusto,
875 559 906 615 10
933 557 1014 632 quod
1041 555 1176 616 nondum
1196 554 1310 616 relatus

206 661 290 722 erat?
330 660 401 721 Hoc
421 668 542 721 mortuo
563 662 707 738 Augusto
729 663 835 721 melius
857 660 1087 720 conueniebat.“

283 765 487 825 Doctissimus
514 766 566 825 ille
595 767 640 823 010
667 767 782 824 utinam
810 765 978 840 scripsissit
1004 783 1066 822 non
1089 763 1241 839 „melius¹‘·
1259 763 1311 822 sed

207 869 288 927 omni
309 874 453 946 exparte
475 869 533 928 soli
554 866 713 928 defunctui
747 868 823 926 Inde
844 867 933 941 enim,
956 867 1014 924 nisi
1035 867 1114 924 sorte
1137 885 1239 926 omues
1262 884 1310 925 00-

205 972 325 1047 gitandi
356 972 439 1047 leges
469 971 527 1031 hoc
556 972 625 1030 1000
658 989 719 1030 000
749 970 867 1046 vigent,
900 988 1020 1028 necesse
1051 976 1098 1028 est
1128 970 1310 1045 colligamus

207 1072 383 1149 Angustum
397 1076 456 1134 iam
470 1076 502 1133 in
518 1075 691 1134 caelestium
706 1074 845 1134 domibus
862 1074 961 1132 sedem
976 1074 1184 1132 constituisse.
1214 1073 1312 1134 Recte

205 1176 344 1252 profecto
367 1177 538 1253 negandum
558 1178 713 1236 existimat
733 1176 848 1236 caelum
868 1169 958 1236 aliter
978 1195 1069 1252 posse
1092 1178 1130 1235 ab
1159 1177 1214 1236 illo
1237 1178 1312 1254 regi;

211 1297 250 1337 00
270 1280 443 1339 dubitamus
464 1278 551 1339 fidem
572 1280 682 1339 habere
703 1280 751 1337 illi
771 1279 881 1353 versui,
904 1297 991 1354 quem
1011 1297 1103 1355 supra
1123 1279 1287 1356 adscripsi:

353 1382 478 1451 „Caesar
495 1399 567 1437 nunc
584 1386 673 1450 terris,
691 1385 771 1453 post
790 1383 866 1437 caelo
885 1384 1022 1437 maximus
1041 1383 1168 1436 auctor“l

282 1487 401 1547 Deinde
424 1488 475 1564 qui
497 1489 618 1547 taudem
638 1489 683 1562 fit,
704 1494 738 1547 ut
759 1487 858 1547 000100
879 1506 933 1563 000
954 1488 1041 1562 signa
1056 1486 1146 1545 Jovis
1161 1484 1313 1544 Tonantis

209 1590 603 1679 Octavianusappelletur,
628 1592 689 1650 nisi
714 1592 794 1650 hunc
819 1595 967 1650 terrarum
994 1592 1098 1649 orbem
1124 1588 1178 1647 alii
1204 1589 1312 1664 guber·

207 1695 339 1753 nandum
359 1695 504 1770 reliquit?
537 1695 627 1768 Quod
648 1700 857 1772 argumentum
878 1701 911 1754 ut
931 1696 1095 1770 frangeret,
1117 1710 1184 1751 cum
1204 1692 1313 1767 signa

208 1815 269 1855 non
290 1797 437 1874 imagines
459 1799 615 1858 stellarum
635 1798 687 1857 sed
709 1801 828 1873 aquilas
849 1818 914 1858 0000
928 1800 1052 1873 diceret,
1067 1795 1234 1855 Merkelius
1249 1783 1310 1854 tam

207 1900 298 1976 longe
324 1921 342 1960 a
369 1904 566 1963 saluberrima
594 1904 741 1963 naturalis
768 1904 896 1964 rationis
917 1903 968 1962 010
993 1901 1156 1974 aberravit,
1186 1902 1219 1958 01
1246 1899 1310 1957 0100

206 2005 338 2080 vestigia
359 2007 444 2080 sequi
465 2006 625 2065 ridiculum
647 2007 794 2066 videatur.
827 2007 947 2066 Vellem
968 2025 1005 2065 ex
1026 2006 1129 2064 eadem
1150 2003 1311 2062 Fastorum

205 2110 302 2183 parte,
334 2108 414 2167 unde
445 2126 545 2168 sacras
576 2129 645 2170 aves
673 2111 800 2187 petivit,
833 2111 921 2170 simul
947 2111 1021 2169 deos
1047 2109 1152 2169 00010
1178 2107 1312 2166 labentia

187 2210 513 2286 vsignateneutes
536 2212 609 2288 (III,
632 2214 699 2289 115)
722 2211 940 2273 arcessivissetl
1153 2293 1156 2300 Ι
1194 2198 1198 2204 ’

286 2312 363 2372 Tum
383 2316 551 2391 Augustae,
576 2317 677 2390 inquit
697 2323 799 2393 poeta,
820 2317 916 2375 cernit
938 2317 969 2374 10
990 2319 1079 2374 00010
1099 2315 1212 2374 Divum
1232 2331 1313 2389 mag·

207 2434 335 2491 numque
358 2416 551 2494 Quirinum5).
591 2419 650 2478 Est
675 2420 770 2494 igitur
796 2419 849 2478 ille
874 2438 936 2477 000
963 2419 994 2476 10
1021 2418 1120 2493 100010,
1148 2417 1313 2475 00010000-

206 2518 271 2578 lum
291 2522 524 2597 contemplatur,
551 2522 603 2580 sed
625 2523 730 2581 eodem
750 2522 829 2596 1000,
851 2539 910 2596 quo
931 2522 1045 2581 abiisse
1068 2501 1181 2579 Caesar
1200 2523 1232 2579 et
1250 2519 1314 2578 Ro-

208 2623 306 2682 mulus
333 2623 504 2683 creduntur.
533 2657 568 2666 -
595 2624 641 2684 At
666 2625 748 2684 dicat
768 2626 935 2685 Merkelius
959 2643 1048 2684 versu
1075 2624 1104 2699 Ι,
1130 2626 1188 2683 914
1213 2623 1313 2681 vivum

207 2728 375 2804 principem
396 2728 547 2804 appellari
569 2732 715 2788 rectorem
731 2728 863 2806 Olympi.
897 2728 960 2788 Cur
978 2726 1100 2786 vivum?
1131 2727 1225 2786 Immo
1246 2727 1313 2785 bre·

209 2831 333 2889 vitatem
351 2830 509 2904 000110010,
525 2835 559 2888 01
573 2831 661 2905 00101,
675 2831 818 2891 affectans
833 2832 1064 2906 indicatpoeta:
1080 2849 1155 2902 eum,
1172 2830 1223 2904 qui
1235 2846 1314 2887 0000

209 2933 329 3007 quidem
349 2932 499 2992 Tonantis
521 2935 617 2993 instar
646 2935 684 3011 (Ι,
706 2935 774 3007 918)
800 2936 883 2994 00010
909 2940 1040 3011 0000001,
1067 2938 1131 2993 tum
1152 2933 1233 3009 apud
1254 2931 1312 2991 Ac-

209 3037 285 3094 tium
314 3036 347 3094 in
378 3036 454 3094 mari
484 3054 548 3095 esse
580 3037 717 3113 petitum.
770 3036 867 3111 Quam
897 3038 1078 3097 sententiam
1111 3038 1248 3096 versibus
1274 3035 1313 3106 V,

211 3141 326 3199 53-54
358 3139 422 3197 sine
454 3139 547 3199 dubio
577 3146 665 3216 0001
695 3148 820 3201 mortem
841 3142 977 3217 Augusti
1003 3142 1047 3199 ita
1072 3142 1173 3200 verbis
1199 3145 1314 3200 mutare

215 3241 344 3316 videtur,
365 3247 399 3300 ut
418 3249 530 3318 ponat:
552 3242 640 3302 Tolle
662 3262 677 3302 e
699 3244 848 3303 sideribus
868 3244 955 3320 Argo
977 3262 1091 3320 navem,
1113 3263 1175 3303 non

401 3354 606 3425 „Actiacosque
625 3355 700 3409 sinus
718 3355 789 3408 inter
806 3371 956 3425 suspensus
968 3355 1103 3423 utrimque

402 3439 501 3508 „Orbis
520 3444 547 3494 et
565 3441 593 3495 in
611 3444 697 3511 ponto
717 3441 806 3495 caeli
826 3441 961 3494 fortuna
979 3441 1116 3495 natabit“.

284 3551 436 3612 Nimirum
455 3553 630 3630 Augustum
650 3554 726 3614 caeli
746 3554 900 3612 fortunam
920 3571 1028 3611 vocare
1049 3553 1162 3612 nemini
1189 3572 1252 3612 000
1277 3553 1312 3612 11·

209 3661 265 3729 001,
287 3657 531 3731 quandoquidem
546 3656 674 3716 Caesare
696 3661 819 3715 0001000
840 3657 964 3714 eumad
985 3655 1196 3715 destinandam
1217 3657 1311 3715 fortu-

208 3777 277 3818 nam
306 3759 338 3817 in
372 3760 487 3818 caelum
517 3758 710 3818 adscendisse
735 3759 766 3816 10
794 3758 940 3834 00101000
966 3760 1099 3819 omnium
1124 3763 1179 3819 est.
1231 3758 1311 3833 Quin

209 3863 300 3922 etiam
327 3865 419 3922 verba
444 3870 554 3941 poetae
579 3882 640 3922 non
667 3868 849 3939 repugnant,
875 3880 913 3922 00
939 3864 1110 3923 nniversam
1131 3864 1312 3923 senteutiam

279 4095 300 4166 ⁵)
319 4097 447 4168 Respicit
465 4100 551 4168 poeta
569 4096 626 4151 sine
646 4096 728 4150 dubio
743 4060 849 4150 'cultum
867 4095 977 4150 Romuli
996 4097 1032 4150 ab
1051 4094 1206 4152 Octaviano
1223 4097 1311 4152 redin-

209 4184 355 4255 tegratum.
393 4182 447 4238 un.
465 4184 535 4254 liph.
555 4183 640 4255 epigr.
660 4199 684 4238 a.
705 4184 772 4238 1872
790 4200 817 4254 p.
835 4183 893 4239 240.
