2880 5182
632 398 674 412 -
717 366 822 426 8⁴.

173 551 295 610 brevius
331 550 438 610 dicam.
488 548 536 610 Ac
566 567 603 609 ne
635 548 797 610 Octaviani
829 549 949 624 quidem
979 568 1088 610 nomeu
1120 551 1165 627 (id
1196 551 1279 627 quod

174 660 283 732 postea
317 671 437 729 quoque
468 652 643 730 apparebit)
670 672 708 712 ex
735 652 935 729 inscriptione
960 652 1191 714 adnotandam
1216 671 1279 713 aar·

60 768 63 773 '
173 759 262 818 minis
286 763 416 818 aetatem
436 757 577 834 abripere
598 757 644 816 fas
665 756 733 816 erit.
766 755 845 815 Sunt
867 756 947 815 enim
968 756 1012 816 ibi
1026 762 1135 816 cuneta
1149 757 1275 833 ingenio

173 862 311 938 priorum
342 861 491 921 lectorum
520 861 591 920 fieta
620 863 653 918 et
682 859 899 919 commenticia.
950 859 1021 920 Hoc
1050 878 1142 918 uuum
1172 863 1278 935 restat,

174 966 206 1023 in
240 964 381 1024 carminis
415 965 512 1042 ipsius
545 981 674 1041 corpore
708 966 743 1022 ut
776 963 886 1023 aetatis
919 963 1033 1022 indicia
1066 964 1148 1023 haud
1178 963 1280 1022 velata

175 1072 368 1143 quaerantur.

584 1375 868 1463 CaputIL

440 1521 493 1589 Ite
515 1520 628 1591 electo
651 1521 821 1588 carminis
843 1521 1008 1617 patrono.

251 1683 322 1742 Viri
359 1686 397 1744 ab
427 1683 569 1744 Antonio
599 1684 732 1744 Moliuio
763 1683 986 1744 Matisconeusi
1021 1683 1204 1760 doctissimi,
1235 1685 1280 1742 in·

173 1787 281 1863 primis
309 1787 341 1863 ii,
369 1805 445 1863 qnos
472 1789 531 1848 iam
559 1806 651 1864 supra
678 1786 753 1863 dixi,
781 1804 870 1862 quam
889 1787 994 1846 futiles
1014 1792 1117 1846 essent
1137 1786 1279 1847 carminis

174 1891 391 1968 inscriptiones
418 1910 484 1950 enm
510 1891 592 1950 haud
617 1890 708 1950 dubie
734 1891 978 1967 perspexissent,
1004 1909 1109 1950 versus
1136 1891 1280 1968 deinceps

175 2012 277 2054 omnes
298 1998 364 2054 arte
384 1995 492 2054 critica
513 1998 696 2070 temptantes
717 2012 769 2053 eos
784 2000 951 2071 coeperunt
964 1995 1048 2053 locos
1062 1995 1280 2070 pervestigare,

173 2097 254 2156 unde
280 2097 413 2173 profecti
433 2102 555 2174 poetam
578 2099 664 2172 quasi
684 2117 739 2175 per
760 2103 929 2174 temporum
951 2094 1051 2174 spatia
1072 2102 1222 2156 errantem
1242 2097 1280 2156 ad

174 2204 274 2259 certos
302 2199 445 2274 aequales
470 2199 660 2259 reducerent.
701 2199 761 2259 Sed
782 2219 853 2258 num
874 2199 1023 2275 quidquid
1044 2201 1191 2259 volebant
1210 2218 1281 2259 con·

175 2302 271 2362 secuti
297 2302 420 2373 fuerint,
446 2287 608 2362 admodum
632 2303 754 2362 videtur
777 2302 1027 2363 addubitandum.
1067 2302 1176 2379 Longe
1202 2302 1281 2362 enim

160 2406 253 2481 ‚inter
281 2422 312 2463 se
338 2405 375 2465 de
402 2406 542 2464 carminis
569 2410 669 2465 aetate
694 2406 846 2465 dissident
866 2424 921 2466 nec
941 2423 1037 2483 paene
1060 2405 1223 2480 quidquam
1243 2406 1281 2464 de

175 2507 366 2584 singulorum
381 2508 531 2568 librorum
544 2509 632 2568 annis
647 2509 771 2584 habeut,
786 2509 869 2583 quod
878 2509 1052 2568 hominibus
1064 2509 1172 2568 talium
1182 2526 1280 2568 rernm

175 2611 285 2690 peritis
317 2611 460 2687 probent.
507 2610 633 2671 Scilicet
658 2611 797 2688 Scaliger
827 2617 858 2670 et
882 2611 1040 2671 Bentleius
1073 2615 1171 2671 totum
1202 2630 1279 2688 opus

173 2713 319 2790 Augusto
357 2715 498 2791 principe
533 2715 566 2772 in
599 2714 725 2774 formam
763 2715 853 2774 nobis
892 2718 995 2774 notum
1027 2714 1182 2773 redactum
1215 2732 1279 2773 esse

174 2819 359 2893 existimant,
395 2818 532 2878 Jacobus
566 2821 597 2877 et
629 2816 825 2892 Merkelius1)
860 2818 915 2876 illo
951 2818 1118 2893 imperante
1149 2818 1280 2893 incepta,

174 2922 313 2982 confecta
340 2922 395 2980 sub
423 2921 548 2980 Tiberio
568 2920 785 2980 Astronomica
812 2921 927 2995 dicunt,
954 2920 1169 2978 Lachmaunus
1197 2921 1280 2979 solus

175 3042 371 3100 quaecunque
391 3024 428 3083 de
447 3024 495 3082 his
509 3028 691 3083 vetustatem
705 3026 868 3100 pertulere,
890 3042 925 3083 ea
938 3028 1011 3100 post
1026 3022 1188 3082 Octaviani
1203 3040 1280 3082 mor-

175 3133 235 3187 tem
250 3128 366 3205 scripta
379 3144 445 3186 esse
461 3127 578 3190 statuit.
611 3126 695 3201 Quae
710 3128 929 3186 sententiarum
943 3126 1229 3202 discrepantiarum
1244 3145 1280 3184 ex

172 3231 294 3290 diversa
326 3230 520 3306 potissimum
551 3237 620 3289 orta
651 3230 693 3289 sit
723 3231 911 3306 quorundam
940 3230 1104 3289 verborum
1132 3231 1279 3306 iuterpre-

173 3334 302 3409 tatione,
328 3333 437 3392 horum
462 3333 710 3393 continuationes
732 3333 964 3393 constituendae
986 3333 1168 3392 concordiae
1189 3350 1281 3392 causa

172 3437 272 3496 denuo
304 3437 336 3494 in
367 3436 576 3510 quaestionem
600 3436 756 3496 vocandae
782 3443 853 3496 sunt
879 3436 979 3509 nobis,
1011 3445 1045 3495 ut
1070 3435 1155 3495 cuius
1180 3436 1280 3495 critici

172 3540 319 3617 placitum
340 3539 447 3599 melius
468 3544 641 3600 sustentent
661 3540 869 3599 diiudioemus.

251 3642 298 3701 Ac
318 3642 449 3718 primum
471 3642 591 3717 quidem
611 3643 856 3702 consideratione
870 3641 958 3718 digni
973 3641 1116 3702 videntur
1130 3642 1153 3700 ii
1167 3658 1280 3717 versus,

175 3746 227 3822 qui
264 3750 427 3822 patronum
467 3747 505 3805 ab
538 3746 779 3805 Astronomicou
812 3751 937 3804 auctore
971 3745 1099 3804 electum
1133 3745 1278 3804 indicant.

174 3849 382 3910 Subsistemus
414 3849 512 3925 igitur
536 3848 568 3906 in
594 3849 752 3924 prooemio
778 3848 851 3907 libri
877 3847 904 3922 I,
940 3863 1000 3922 quo
1027 3853 1120 3923 poeta
1145 3866 1176 3908 se
1202 3847 1279 3907 velle

173 3952 358 4030 pronunciat
378 3954 500 4030 „sidera
520 3952 576 4012 fati
596 3953 739 4012 conscia“
760 3970 876 4012 canere.

243 4168 262 4237 ¹)
281 4167 396 4224 Merkel.
414 4167 488 4224 Prol.
506 4185 534 4239 p.
551 4168 612 4223 40³.
628 4169 654 4223 4.
