2880 5182
621 812 831 872 ..73-

323 997 361 1050 Et
378 996 484 1050 lieitum
504 995 577 1049 seiet
594 998 624 1049 et
640 995 765 1060 vetitum,
783 1012 854 1066 quae
872 1015 964 1068 poena
982 1003 1119 1068 sequetur,

322 1082 476 1152 Perpetuus
495 1080 589 1152 populi
607 1082 716 1151 privato
734 1083 760 1135 in
779 1082 873 1136 limine
891 1086 1030 1154 praetor.“

324 1168 419 1236 „Felix
438 1171 558 1238 aequato
578 1168 685 1236 gemtus
704 1169 755 1221 sub
773 1170 896 1239 pondere
916 1170 1034 1224 Librae!

322 1256 410 1308 Iudex
428 1271 545 1308 examen
564 1254 646 1308 sistet
662 1255 790 1325 vitaeque
810 1256 938 1326 necisque

322 1341 504 1410 Imponetque
523 1341 615 1409 iugum
633 1340 713 1393 terris
731 1341 861 1411 legesque
881 1343 999 1410 rogabit,

322 1426 400 1480 Illum
420 1428 501 1480 urbes
520 1431 549 1479 et
566 1442 652 1495 regna
670 1429 789 1480 trement
809 1431 928 1497 nutuque
946 1433 1075 1498 regentur

322 1513 418 1579 Unius,
438 1515 466 1566 et
485 1513 555 1566 eaeli
573 1516 639 1582 post
657 1514 747 1566 terras
764 1514 825 1566 iura
843 1515 1017 1568 manebunt.“

246 1596 353 1674 Mense
375 1617 462 1690 enim,
484 1617 531 1673 eui
553 1616 624 1674 iude
645 1616 731 1674 odie
752 1616 836 1674 XIX
850 1618 964 1676 Librae
987 1619 1106 1694 elgnum
1127 1626 1276 1696 praeerat,

169 1720 342 1797 Septembri
363 1726 467 1778 uatum
487 1719 580 1778 luisse
602 1738 677 1795 eum,
701 1738 787 1795 quem
801 1722 962 1797 Augustus
978 1722 1104 1780 Tiberio
1127 1722 1275 1799 0100100-
1362 1712 1374 1727 ’

168 1824 237 1881 dum
251 1822 345 1897 dedit,
360 1824 424 1881 veri
439 1825 559 1882 videtur
574 1824 768 1894 0101111000,
782 1830 947 1900 propterea
963 1826 1044 1899 quod
1060 1825 1090 1882 10
1104 1828 1277 1886 memoriam

168 1927 265 2002 patris
290 1927 375 1984 illum
396 1946 525 1986 mensem
547 1927 689 2002 Caligula
711 1926 922 1986 Germanicum
942 1926 1149 2005 appellavit.¹)
1192 1928 1276 2003 Quae

236 2125 257 2193 ¹)
274 2126 402 2179 Memms.
422 2122 540 2178 0100001.
555 2123 635 2177 Rom.
653 2139 680 2192 p.
699 2124 758 2177 305.
777 2153 810 2162 -
828 2125 904 2179 Suet.
919 2125 1007 2194 Oalig.
1026 2142 1048 2179 e.
1063 2127 1101 2179 15.
1128 2126 1201 2179 Huic
1212 2126 1275 2181 loeo

171 2210 247 2264 simul
271 2214 353 2280 atque
367 2211 443 2263 Aeta
463 2209 575 2262 fratrum
598 2209 728 2261 arvalium
750 2211 785 2262 ab
798 2210 934 2266 Henneno
954 2229 978 2265 a.
999 2213 1065 2266 1874
1082 2212 1211 2265 restituta
1229 2213 1276 2267 de·

171 2298 230 2350 dita
248 2313 314 2350 saue
334 2313 418 2366 opera
437 2296 605 2364 comparavi,
623 2295 763 2365 extemplo
776 2297 842 2349 mibi
854 2297 963 2366 quidem
976 2298 1100 2367 persuasi
1115 2298 1275 2352 Suetonium

170 2383 204 2436 de
223 2382 297 2435 nulla
317 2380 418 2435 aliare
436 2398 547 2434 narrare
565 2381 618 2433 nisi
636 2381 669 2434 de
689 2383 837 2435 honoribus
855 2383 897 2447 iis,
915 2385 961 2452 qui
979 2383 1014 2435 ad
1035 2383 1092 2437 dies
1107 2388 1154 2436 aut
1166 2385 1275 2438 natales

170 2473 218 2522 aut
236 2469 374 2522 inferiales
393 2471 563 2538 spectavere.
591 2469 669 2521 Idem
689 2468 715 2521 in
734 2468 792 2520 vita
805 2467 867 2523 Oet.
886 2484 909 2522 a.
930 2471 1007 2524 1000
1025 2470 1167 2523 voluntate
1179 2471 1273 2539 populi

166 2554 285 2609 Romani
304 2554 386 2607 docet
404 2570 503 2607 nomen
522 2554 623 2607 000010
642 2555 678 2607 01)
697 2555 768 2607 diem
788 2549 935 2609 natalem
954 2557 1003 2609 viri
1018 2556 1177 2611 celebrandi
1189 2557 1273 2610 fuisse

167 2640 397 2695 commutandum.
424 2639 613 2707 (01000108.)
639 2639 742 2706 Quodsi
760 2639 953 2695 Germanicum
969 2658 1062 2696 mense
1076 2641 1274 2696 0010101001·-

165 2730 240 2779 tuum
255 2730 284 2779 et
294 2742 359 2780 0000
369 2726 427 2779 eius
437 2742 501 2778 vere
513 2743 537 2780 a.
547 2729 597 2780 773
608 2728 725 2781 Romam
738 2727 886 2796 deportata
897 2744 957 2782 esse
970 2729 1039 2782 inter
1050 2745 1145 2783 omnes
1156 2732 1275 2796 0000101,

169 2816 214 2866 001
233 2829 293 2866 0000
312 2812 457 2881 probabile
476 2828 584 2878 censeo,
605 2814 677 2883 quod
697 2815 752 2867 iam
771 2814 918 2867 Haakhius
937 2813 973 2882 lin
990 2815 1089 2885 Pauly.
1107 2814 1210 2884 eneyel.
1223 2815 1274 2880 III,

165 2917 193 2971 p.
212 2901 273 2966 838)
298 2900 400 2969 posuit,
427 2899 454 2951 10
474 2896 666 2968 Septembrem
685 2916 807 2954 mensem
826 2898 955 2953 ineidIsse
974 2901 1032 2954 eius
1050 2901 1171 2954 natalem
1191 2903 1276 2955 hano-

166 3003 218 3056 que
244 2987 414 3040 extrinsecus
438 2985 520 3039 luisse
545 3002 666 3053 eausam,
693 3003 748 3055 qua
773 2986 900 3055 Caligula
924 2987 1058 3040 adductus
1082 2987 1126 3047 sit,
1153 2990 1183 3039 ut
1208 2986 1275 3040 Ger-

168 3072 304 3125 manicum
334 3088 472 3140 nunquam
500 3071 651 3141 prinoipem
675 3072 749 3127 Julio
774 3077 803 3127 et
826 3073 953 3142 Auguste
977 3078 1139 3142 apponeret.
1179 3074 1274 3142 Atque

168 3159 231 3212 huie
248 3157 347 3210 rationi
367 3157 507 3227 aliquanto
526 3157 657 3211 maiorem
676 3157 757 3211 fidem
776 3158 931 3211 habendam
950 3174 1012 3212 esse
1032 3159 1168 3226 existImo,
1192 3176 1274 3228 quam

166 3244 394 3298 coniecturae
417 3242 455 3295 illi
474 3243 608 3307 Henueni,
633 3260 688 3313 qua
711 3249 825 3314 recepta
843 3245 871 3297 in
888 3244 971 3298 Actis
989 3245 1021 3298 fr.
1041 3261 1095 3299 arv.
1122 3245 1159 3315 (p.
1177 3245 1275 3299 XLIV

169 3333 197 3383 et
216 3346 286 3384 000.
304 3347 332 3399 p.
351 3331 395 3397 52)
415 3345 441 3383 0.
459 3329 485 3384 d.
502 3329 590 3383 VIIII
607 3330 662 3384 101.
681 3331 779 3385 Junias
799 3330 955 3385 Germanici
973 3330 1095 3384 natalem
1115 3331 1198 3385 tuisse
1218 3348 1273 3385 ere-

119 3458 123 3465 .
165 3415 240 3470 dant.
277 3414 375 3485 Neque
394 3416 466 3469 enim
485 3432 519 3468 ea
538 3417 574 3468 ad
592 3416 669 3469 Aeta
688 3433 712 3471 a.
730 3418 765 3470 40
782 3417 897 3470 fundata
916 3418 1004 3471 estin
1022 3434 1161 3471 marmore
1179 3419 1275 3472 literas

165 3502 284 3557 maxime
303 3502 475 3555 necessarias
495 3503 529 3556 ad
549 3518 631 3555 unam
651 3518 746 3556 00000
760 3504 920 3568 0001100011,
938 3504 986 3558 sed
999 3504 1026 3556 in
1039 3502 1104 3557 10110
1117 3503 1274 3569 ebartaeeo,

164 3590 195 3641 ut
208 3592 302 3643 auctor
320 3587 380 3657 ipse
400 3587 552 3656 confitetur,
576 3587 675 3641 valde
694 3590 817 3643 mutilo
836 3590 953 3658 hineque
971 3589 1081 3643 videtur
1098 3591 1125 3642 in
1145 3590 1273 3657 ambiguo

164 3674 381 3743 relinquendum,
412 3674 439 3726 10
474 3675 605 3728 honorem
640 3674 727 3744 patris
759 3691 794 3728 an
821 3674 912 3728 fratris
943 3691 1034 3728 00000
1061 3691 1142 3728 saera
1169 3675 1275 3729 institui

166 3758 291 3828 Caligula
314 3760 433 3815 iusserit.
466 3759 540 3814 Nam
560 3761 708 3815 Suetonius
732 3763 821 3813 totam
841 3759 999 3814 Germanioi
1025 3764 1134 3828 gentem
1155 3777 1273 3815 eamme-

165 3849 255 3898 00001
278 3845 322 3898 1110
346 3850 471 3914 tempore
497 3847 607 3914 publice
625 3847 787 3899 honoratam
808 3862 869 3900 esse
889 3850 971 3916 atque
990 3848 1068 3901 Aeta
1085 3851 1114 3901 et
1131 3848 1195 3917 ipsa
1211 3849 1274 3902 huia

167 3931 206 3983 rei
225 3930 384 3985 testimonio
402 3937 475 3987 0001.
510 3932 618 3986 Deinde
636 3932 762 3986 dubitare
780 3933 855 4000 lieet,
875 3933 953 3986 Aeta
971 3950 996 3988 0.
1013 3936 1048 3987 40
1067 3936 1145 3987 0138
1163 3937 1274 3987 rectene

165 4016 252 4070 altere
277 4017 371 4070 alteris
395 4018 577 4088 suppleantur
594 4035 629 4071 an
647 4019 739 4088 potius
757 4019 784 4072 in
804 4036 938 4074 marmore
958 4037 983 4073 a.
1002 4021 1035 4074 38
1054 4019 1150 4073 001110
1168 4036 1221 4073 000
1240 4021 1274 4072 de

166 4103 210 4155 die
229 4104 317 4156 natali
338 4102 495 4158 Germanici
515 4105 564 4157 sed
583 4104 616 4157 de
636 4105 690 4158 alio
710 4104 795 4171 (velut
813 4105 939 4173 10101011)
962 4106 1065 4161 000110
1083 4105 1140 4160 fiat.
1175 4106 1274 4175 Itaque

168 4190 293 4258 quemvis
321 4190 458 4258 ingenium
485 4190 610 4244 Henneni
637 4207 738 4260 magna
762 4190 892 4259 religione
916 4207 1049 4257 revereor,
1076 4191 1159 4245 Actis
1183 4208 1207 4245 a.
1231 4193 1273 4258 38,

164 4291 235 4343 quae
262 4274 345 4344 paulo
365 4279 429 4328 ante
448 4275 569 4330 natalem
588 4276 653 4330 Divi
670 4277 791 4346 Augusti
808 4278 952 4344 habentur,
978 4293 1150 4348 nequaquam
1169 4278 1273 4330 dissua-

165 4361 294 4415 dentibus
313 4360 366 4414 1001
385 4363 506 4428 000110,
530 4363 579 4431 qui
597 4361 789 4416 GermanIeum
808 4364 968 4434 Septembri
986 4380 1079 4417 mense
1097 4366 1192 4416 natum
1211 4379 1273 4416 esse

164 4448 339 4513 arbitrentur,
367 4448 492 4515 necdum,
521 4450 595 4518 quod
618 4448 692 4502 istud
717 4453 802 4519 eaput
824 4451 851 4502 in
875 4448 961 4503 Libra
984 4450 1071 4519 posui,
1097 4448 1125 4501 in
1148 4449 1273 4502 timorem

164 4533 284 4601 perveni,
302 4550 336 4587 ne
355 4533 416 4603 quis
434 4533 542 4588 levioris
560 4533 588 4587 id
607 4550 668 4587 esse
686 4536 816 4602 ponderis
834 4535 955 4589 iudIeare
975 4535 1072 4602 possit.
1091 4560 1121 4572 -·
1141 4534 1227 4588 lea
1239 4537 1272 4589 de

167 4634 201 4671 ea
219 4634 248 4671 re
272 4620 329 4686 (cfr.
350 4620 401 4674 Tb.
420 4619 549 4674 Momms.
566 4619 592 4674 iu
611 4619 706 4677 Herm.
726 4621 806 4676 XIII.
824 4637 852 4690 p.
871 4618 932 4691 246)
956 4619 1026 4674 alias
1044 4622 1073 4674 et
1090 4619 1155 4674 alibi
1174 4619 1272 4674 dicam.
