2880 5182
161 1017 278 1076 demum
307 1017 533 1077 enuntiationis
563 1017 657 1077 verbo
689 1013 799 1075 suffixa
829 1013 969 1090 cuiquam
999 1016 1118 1092 generis
1146 1017 1268 1079 dioendi

161 1120 322 1179 Maniliani
347 1138 443 1197 gnaro
472 1124 613 1196 suspecta
639 1137 704 1180 esse
731 1122 844 1196 potest,
870 1118 1014 1193 quoniam
1033 1123 1064 1179 et
1083 1120 1115 1179 in
1135 1121 1216 1182 libro
1236 1123 1267 1183 V

160 1223 404 1300 diligentissime,
435 1230 470 1283 ut
495 1224 630 1284 Jaaobus
655 1222 750 1300 praef.
776 1240 806 1298 p.
833 1220 916 1280 XVI
941 1222 1065 1298 iudieat,
1096 1226 1266 1301 composito

158 1327 255 1400 „que“
285 1327 431 1403 seriptum
456 1330 503 1387 est
527 1344 584 1403 pro
611 1325 750 1402 „etiam“,
776 1325 861 1384 velut
886 1327 1001 1401 (rursus
1027 1343 1089 1385 non
1116 1327 1180 1387 sine
1205 1334 1266 1388 sto-

159 1430 264 1488 maeho
279 1429 402 1488 Bentlei
423 1430 472 1488 eui
486 1430 609 1489 obstitit
623 1431 675 1488 ille
690 1430 722 1487 in
736 1445 840 1506 progr.
855 1428 934 1490 Lub.
949 1447 980 1505 p.
996 1432 1040 1490 15.
1055 1429 1123 1489 Ind.
1136 1449 1167 1507 p.
1181 1430 1265 1509 218):

210 1531 249 1598 V,
268 1534 332 1589 327:
359 1531 421 1599 Qua
439 1534 577 1603 quondam
597 1533 786 1602 sonitumque
805 1532 896 1586 ferens
916 1529 1051 1602 Oeagrius
1069 1531 1204 1604 Orpheus,

160 1635 263 1693 eadem
293 1636 421 1713 ratione,
452 1654 513 1711 qua
544 1637 626 1714 apud
656 1636 735 1696 alios
767 1636 861 1713 „nee“
891 1653 948 1712 pro
971 1654 1027 1711 „ne
1057 1669 1095 1681 -
1126 1638 1266 1714 quidem“

159 1738 296 1798 habetur.
334 1739 388 1798 An
409 1741 441 1799 in
461 1741 554 1800 verbo
576 1740 700 1817 ,‚orbis“
721 1745 767 1798 ter
787 1739 920 1817 repetito
941 1739 1066 1801 haeres?
1107 1741 1177 1802 Tali
1198 1743 1266 1803 sirn-

158 1842 297 1918 plieitate
322 1848 416 1919 poeto
440 1861 531 1919 saepe
552 1842 729 1902 Lucretium
749 1842 893 1901 imitatur.
933 1842 1028 1920 Legis
1048 1845 1128 1904 enirn
1147 1846 1174 1923 I,
1199 1849 1266 1909 256.

138 1948 229 2013 ,257ι
255 1946 471 2006 ordinibus-
495 1947 618 2021 ordine,
641 1947 668 2022 I,
691 1949 755 2006 288.
777 1948 849 2006 29οε
874 1946 907 2004 in
927 1946 1041 2024 ipsum;
1066 1948 1092 2024 I,
1114 1952 1178 2010 149.
1201 1952 1264 2011 152.

161 2051 228 2109 157:
254 2067 357 2124 auras3
382 2049 440 2125 IV,
466 2054 531 2112 890.
552 2053 623 2111 892:
646 2050 854 2126 gubernat-
874 2050 1024 2125 gubernet
1043 2052 1181 2128 aliasque
1201 2054 1263 2114 alia

157 2152 190 2210 id
218 2170 323 2229 genus.
353 2185 391 2197 -
419 2153 559 2228 Denique
584 2155 820 2230 perturbaturus
846 2154 901 2213 illo
930 2172 1020 2214 versu
1045 2156 1263 2216 sententiarum

158 2255 340 2318 eoncordia?
370 2258 465 2317 Immo
486 2258 546 2316 duo
567 2261 715 2316 terrarum
736 2258 825 2316 orbes
845 2275 881 2317 eo
903 2263 1023 2317 servato
1044 2260 1167 2336 egregie
1182 2260 1264 2321 inter

159 2376 189 2417 se
211 2366 417 2436 opponuntur.
458 2360 540 2435 Quid
562 2379 634 2437 ergo
661 2394 698 2402 —
725 2379 762 2420 ue
781 2362 893 2420 multus
913 2362 970 2421 sim
993 2394 1030 2404 -
1055 2379 1123 2422 eum
1142 2366 1177 2422 nt
1196 2363 1262 2423 Ma·

158 2461 234 2521 nilio
260 2463 420 2539 indignum
443 2463 482 2522 ad
508 2463 623 2523 inferos
648 2467 684 2523 ut
707 2465 860 2524 mittamus
886 2465 976 2524 nobis
1002 2464 1129 2526 suadet?
1174 2465 1264 2526 Nihil

157 2583 283 2642 prorsus
306 2567 339 2625 in
359 2571 554 2645 conspectum
574 2569 664 2627 nobis
685 2569 779 2627 venit.
818 2569 927 2643 Itaque
947 2569 1085 2628 homines
1105 2569 1219 2647 (laetos¹
1236 2571 1262 2630 si

156 2671 205 2729 vel
226 2671 384 2730 maximam
406 2688 471 2731 esse
492 2673 576 2731 illius
597 2690 701 2731 versus
722 2671 783 2730 vim
804 2671 1003 2747 divinassent,
1028 2672 1140 2748 opinor
1159 2691 1263 2734 omnes

157 2774 239 2832 omni
270 2791 328 2850 ope
357 2779 449 2849 atque
480 2793 574 2852 opera
604 2776 743 2834 enisurus
768 2775 871 2851 fuisse,
902 2780 937 2834 ut
961 2793 1029 2834 eum
1053 2774 1205 2852 integrum
1230 2777 1262 2837 in

156 2876 397 2937 Astronomieon
423 2880 576 2938 volumine
604 2882 769 2938 servarent.
808 2879 873 2941 Iam
901 2882 962 2938 stat
987 2884 1128 2954 stantque
1152 2880 1262 2958 omnia,

158 2996 234 3053 quae
259 2985 386 3057 urgente
411 3000 502 3042 sanae
527 2982 636 3042 mentis
662 2981 776 3041 iudieio
801 2981 872 3041 inde
896 2982 1077 3043 efficiuntur.
1104 3014 1143 3026 -
1171 2980 1261 3044 Oerte

158 3082 268 3141 Jacobi
288 3085 434 3160 impeturn
454 3086 562 3162 (praei.
581 3104 612 3162 p.
627 3084 680 3161 V),
702 3102 761 3160 quo
783 3086 885 3144 nullus
906 3091 959 3144 aut
973 3084 1195 3162 imprudentior
1208 3093 1262 3147 aut
1300 3155 1303 3162 ¹

156 3186 321 3248 invalidior
340 3193 396 3264 est,
417 3189 559 3249 facillime
579 3189 739 3248 sustinent.
770 3189 841 3264 „Ab
855 3189 924 3265 ipso
939 3188 1095 3266 Sylvestro
1117 3190 1260 3268 (seilicetz

155 3291 299 3366 pontifice
325 3293 466 3367 maxime,
492 3293 544 3368 qui
563 3292 687 3352 Manilii
707 3292 926 3351 Astronomiea
951 3291 989 3350 ab
1015 3292 1110 3352 amieo
1135 3293 1259 3369 petivit)

154 3394 267 3471 venire,
292 3393 394 3469 inquit
418 3395 480 3471 illa,
506 3414 610 3456 versus
634 3396 812 3472 suppositos
832 3395 984 3455 interdum
1005 3394 1154 3472 suspicari
1174 3396 1259 3456 soleo

156 3515 194 3555 ex
213 3498 285 3559 libri
306 3499 354 3558 IV
374 3517 418 3558 ve.
439 3504 511 3562 776:

287 3600 366 3670 „Qua
384 3603 492 3672 genitus
510 3602 669 3673 Caesarque
687 3619 764 3658 mens
782 3617 854 3658 nune
871 3602 995 3657 condidit
1012 3602 1134 3657 orbem“.

156 3704 268 3765 Refero
289 3705 368 3765 eninr
388 3706 427 3765 ad
448 3705 594 3766 Ottonem
613 3708 674 3783 III,
701 3724 879 3783 quamquam
899 3724 944 3764 me
966 3705 1108 3781 ignorare
1128 3703 1164 3783 (l)
1188 3724 1259 3783 pro-

154 3810 251 3884 fiteor,
272 3827 311 3866 an
331 3809 356 3867 is
377 3811 433 3869 sub
447 3809 545 3869 Libra
564 3815 653 3870 natus
675 3812 743 3869 sit“.
775 3809 873 3884 Quam
893 3826 1013 3871 eausam
1031 3808 1144 3868 addens
1159 3810 1259 3868 editor

155 3912 207 3971 ille
221 3911 463 3972 Astronomioon
483 3914 601 3972 hastam
622 3914 653 3972 in
675 3932 706 3974 se
721 3914 821 3989 ipsum
834 3915 980 3974 collineat
993 3913 1143 3987 nobisque
1158 3918 1258 3972 osten-

154 4015 201 4074 dit
220 4015 257 4074 de
278 4032 309 4075 se
331 4016 399 4092 ipso
419 4016 520 4076 valere
534 4018 636 4092 verba,
658 4018 767 4092 quibus
781 4017 977 4077 librariorum
991 4016 1099 4076 menda
1111 4034 1130 4075 a
1144 4016 1258 4075 eritieis

154 4117 304 4178 defendit:
334 4118 477 4194 „Nostris
504 4119 595 4178 etiam
620 4121 807 4196 temporibus
833 4138 895 4179 non
920 4121 958 4179 ab
984 4119 1258 4196 interpolatoribus

153 4223 249 4282 multa
268 4227 301 4282 et
319 4223 396 4281 fiunt
415 4228 446 4282 et
466 4221 641 4283 scribuntur
661 4223 812 4283 absurda“
833 4223 947 4298 (Praei.
967 4243 997 4301 p.
1018 4222 1139 4299 XVII).

230 4326 294 4384 Iam
320 4325 351 4383 iu
372 4326 492 4385 modurn
513 4326 625 4386 Jacobi
645 4327 793 4386 alueinari
814 4326 914 4403 siper
935 4327 1017 4402 leges
1037 4325 1127 4385 huius
1147 4325 1256 4385 disser-

152 4429 280 4488 tationis
302 4428 417 4502 lieeret,
441 4435 577 4505 spectata
596 4429 719 4488 aliunde
741 4428 914 4490 Germanici
934 4436 965 4489 et
984 4429 1108 4488 Manilii
1128 4427 1256 4488 necessi-

154 4532 269 4609 tudine,
301 4532 437 4609 quamvis
468 4533 592 4609 ignarus
621 4533 738 4592 dierum
764 4534 920 4609 natalium,
949 4533 1079 4593 oliorum
1103 4531 1256 4592 hominum

155 4640 252 4697 sortes
271 4635 425 4713 praeieeto
448 4635 585 4696 Orientis
606 4637 669 4697 sive
689 4637 860 4698 commodas
881 4637 944 4698 sive
964 4636 1072 4696 noxias
1091 4636 1124 4695 in
1143 4634 1255 4697 Astro-

1063 4746 1098 4803 60
