2880 5182
102 360 200 377 ..a
425 380 430 389 .
921 376 926 384 ἱ

581 846 792 906 ..33-

144 1029 282 1106 capucini
306 1028 401 1103 illins,
428 1044 514 1102 quem
535 1025 666 1085 Sehiller
687 1026 770 1102 apud
792 1024 1049 1084 Valenstenianos
1071 1022 1242 1083 orationem

140 1133 299 1191 habentem
320 1131 453 1204 inducit3
475 1137 507 1187 at
528 1148 594 1204 nos,
616 1131 728 1205 quippe
750 1129 801 1202 qui
824 1127 1092 1203 superstitionibus
1114 1125 1241 1184 obnoxii

139 1254 201 1294 non
232 1235 335 1309 simus,
367 1234 466 1293 missis
497 1234 667 1309 praesagiis
698 1233 785 1291 decet
811 1234 1000 1306 acquiescere
1025 1231 1057 1288 in
1083 1249 1129 1306 eo,
1162 1229 1243 1303 quod

138 1347 250 1414 poetae
271 1339 365 1396 verba
385 1338 465 1395 reris
486 1355 512 1394 a.
528 1340 584 1396 770
598 1337 687 1394 rebus
702 1337 833 1413 perbene
846 1336 1031 1412 respondere
1046 1333 1241 1392 ostendimus.

138 1442 218 1501 Inde
240 1441 319 1500 enim
340 1439 477 1499 effectum
497 1444 553 1514 est,
575 1447 609 1498 ut
630 1440 763 1516 suspicio
786 1458 830 1514 ea,
846 1457 940 1522 ¹quam
962 1438 1082 1514 quidem
1103 1436 1140 1494 de
1162 1437 1243 1495 libro

142 1545 285 1604 carminis
319 1545 334 1603 1
366 1550 510 1618 tanquam
541 1545 596 1601 snb
627 1545 712 1603 illum
743 1562 854 1602 annum
885 1542 1000 1617 scripto
1032 1540 1124 1599 semel
1153 1546 1244 1615 atque

142 1648 253 1706 iterum
278 1665 312 1706 ao
339 1648 460 1723 saepius
486 1647 642 1721 movimus,
669 1666 730 1706 non
756 1646 847 1705 modo
873 1646 973 1704 denuo
993 1646 1123 1703 exsistat
1141 1662 1244 1702 verum

144 1751 236 1809 etiam
255 1751 361 1809 mirum
381 1750 413 1807 in
434 1750 554 1809 modum
575 1756 700 1826 creseat,
722 1768 776 1808 nee
796 1750 882 1808 deest
901 1767 970 1825 spes
984 1749 1050 1809 fore
1070 1747 1139 1806 aliis
1154 1747 1244 1804 rebus

144 1854 321 1929 perspectis,
341 1861 376 1912 ut
390 1854 481 1912 etiam
495 1854 639 1929 proprius
653 1853 778 1911 accedat
792 1852 926 1928 suspicio
943 1852 981 1910 ad
995 1849 1246 1927 probabilitatem

145 1973 268 2032 eamque
287 1957 484 2034 pedetemtim
505 1962 718 2029 consequatur.

222 2059 357 2118 Transeo
379 2077 459 2118 nunc
478 2059 517 2117 ad
537 2060 658 2118 thema
678 2057 842 2135 Tiberii,
864 2060 945 2136 quod
966 2060 998 2117 in
1011 2059 1246 2134 Astronomicis‚

143 2162 215 2221 dnm
238 2163 398 2238 Augustus
424 2163 483 2220 iam
505 2161 603 2220 Divus
631 2180 685 2221 suo
712 2163 780 2221 loco
806 2164 838 2220 in
865 2163 1021 2223 oblivione
1047 2164 1135 2238 iacet,
1160 2180 1245 2221 aecu-

146 2265 243 2324 ratius
264 2266 492 2340 exspectatione
513 2266 699 2341 descriptum
721 2270 828 2325 exstat.
865 2266 956 2339 Quod
976 2253 1141 2340 antequam*
1158 2283 1246 2339 quae·

143 2385 254 2443 ramus,
280 2369 318 2426 ad
345 2369 431 2427 illum
456 2369 625 2444 principem
650 2370 812 2444 poscimus,
839 2373 875 2428 ut
901 2370 1047 2445 quaedam
1072 2369 1247 2446 pertineant

143 2487 184 2528 ex
215 2471 264 2546 iis,
297 2488 373 2546 quae
404 2471 441 2529 de
467 2473 616 2547 partubus
638 2472 759 2548 Scorpii
785 2490 820 2530 ae
840 2471 1002 2548 Sagittarii
1022 2473 1060 2530 ab
1082 2472 1248 2548 astrologis

143 2572 289 2648 eduntur3
310 2573 421 2633 etenim
440 2574 574 2633 Neronis
595 2576 675 2633 filius
696 2582 774 2635 teste
795 2574 942 2635 Suetonio
966 2576 1047 2652 (Tib.
1067 2594 1091 2635 c.
1113 2576 1142 2652 5)
1157 2582 1247 2634 natus

147 2682 194 2736 est
215 2695 240 2735 a.
262 2677 291 2735 d.
312 2676 392 2752 XVI
414 2677 485 2735 Kal.
508 2677 581 2735 Dec.
604 2678 644 2752 (a.
665 2678 705 2736 U.
721 2679 801 2752 712),
823 2679 870 2736 cui
891 2679 953 2736 diei
973 2681 1048 2754 post
1061 2679 1248 2736 emendatam

145 2798 163 2838 a
186 2779 316 2839 Caesare
337 2787 506 2855 temporum
528 2782 677 2839 rationem
691 2783 897 2857 praefuerunt,
918 2798 984 2839 cum
999 2781 1136 2856 equidem
1150 2790 1248 2839 astro-

145 2884 263 2942 nomiae
282 2902 389 2959 parum
410 2885 525 2959 peritus
545 2873 742 2942 Mommseno‘
756 2885 802 2959 (in
823 2885 957 2943 chronol.
979 2884 1067 2942 Rom.
1088 2903 1120 2959 p.
1136 2887 1191 2944 305
1207 2882 1247 2958 11.)
1300 2874 1301 2877 ’

146 2986 233 3045 fidem
263 2987 398 3060 habeam,
430 2992 580 3045 extremae
612 2986 734 3062 Scorpii
763 2993 866 3062 partes
896 2988 1025 3060 iamque,
1058 2986 1116 3044 nisi
1147 2986 1248 3058 fallor,

148 3091 262 3164 primae
284 3089 456 3166 Sagittarii.
497 3091 620 3164 Iamque
642 3092 682 3166 id,
705 3091 786 3165 quod
809 3090 957 3165 volumus,
979 3091 1195 3164 quaerentibus
1217 3092 1248 3148 in

148 3193 314 3268 propatulo
329 3200 383 3263 est,
405 3194 430 3250 si
447 3194 567 3268 quidem
581 3192 739 3270 aptissima
754 3211 825 3251 sane
840 3194 879 3251 ad
893 3193 1117 3270 depingendam
1131 3193 1248 3252 Tiberii

99 3373 101 3377 Ι
149 3303 260 3354 sortem
291 3296 434 3355 videntur
464 3316 508 3373 ea,
540 3316 615 3372 quae
647 3301 718 3356 sunt
749 3297 829 3373 apud
849 3297 1011 3355 Manilium
1038 3298 1069 3355 in
1089 3297 1170 3355 libro
1192 3297 1250 3371 IV,

150 3401 319 3460 tea—565:

303 3502 485 3573 „Scorpius
503 3508 643 3558 extremae
662 3520 723 3557 cum
741 3505 823 3558 tollet
840 3504 943 3558 lumina
961 3506 1077 3570 caudae,

305 3587 335 3643 Si
354 3592 415 3660 quis
433 3591 483 3644 erit
501 3590 588 3645 stellis
606 3595 664 3644 tum
683 3591 898 3660 suffragantibus
917 3595 1000 3658 ortus,

304 3675 459 3732 Urbibus
478 3676 620 3746 augebit
637 3680 751 3730 terrae
772 3677 925 3746 iunctisque
943 3677 1065 3732 iuvencis

306 3761 417 3816 Moenia
436 3762 595 3817 subcinctus
615 3779 695 3817 curvo
714 3762 852 3817 describet
871 3767 973 3831 aratro,

302 3849 362 3901 Aut
380 3852 517 3903 sternet
534 3851 669 3919 positas
687 3850 796 3913 urbes,
814 3849 896 3918 inque
914 3865 981 3903 arva
998 3850 1113 3903 reducet

305 3933 417 4004 Oppida
436 3939 465 3989 et
482 3937 509 3988 in
526 3936 652 3990 domibus
671 3939 794 3988 maturas
812 3935 909 3990 reddet
927 3936 1045 3992 aristas:

307 4021 423 4076 Tanta
440 4023 491 4076 erit
508 4027 537 4076 et
554 4023 667 4078 virtus
685 4027 719 4076 et
738 4039 798 4076 eum
816 4023 914 4077 virtute
933 4026 1107 4092 potestas.

306 4106 440 4163 Necnon
457 4110 623 4164 Arcitenens
641 4111 729 4180 prima
747 4125 808 4162 cum
828 4114 905 4164 veste
923 4115 1055 4179 resurget,

304 4193 457 4248 Pectora
476 4194 572 4249 clara
590 4196 667 4250 dabit
685 4194 778 4249 bello
797 4197 994 4264 magnisque
1012 4195 1197 4265 triumphis
1268 4183 1273 4196 ⁶

311 4278 494 4351 Conspicuam
512 4283 620 4356 patriae
638 4283 770 4336 victorem
789 4281 865 4334 ducit
883 4283 919 4335 ad
940 4297 1031 4347 arces3

306 4366 429 4436 Altaque
447 4384 518 4422 nunc
536 4371 641 4422 statuet
659 4383 730 4421 nunc
747 4366 819 4420 idem
839 4368 947 4420 moenia
964 4371 1061 4420 vertet.

311 4453 367 4507 Sed
386 4454 497 4507 nimium
515 4454 657 4523 indulgens
675 4453 927 4507 rebus'Fortnnc
945 4452 1072 4506 secundia

308 4537 448 4593 Invidet
464 4540 498 4593 in
516 4538 607 4593 facie
626 4540 768 4609 saevitque
788 4540 938 4609 asperrima
956 4537 1063 4592 fronti.“

233 4641 320 4701 Haec
339 4642 432 4702 verba
456 4648 491 4701 nt
511 4642 706 4719 explicemus,
731 4642 939 4702 demonstrare
960 4647 1074 4716 quanta
1093 4641 1204 4699 bellica
1223 4641 1255 4699 in

1069 4755 1085 4806 3
