2834 5196
608 808 820 868 ..87-

735 900 750 929 .

161 993 251 1053 Adde
272 991 354 1069 quod
374 992 471 1052 eiecta
491 992 528 1051 de
550 992 672 1052 sublata
691 993 749 1052 fide
770 989 988 1052 lamentatione
1007 988 1105 1047 minus
1124 990 1265 1048 turbatur

162 1098 328 1172 aequalitas
348 1097 489 1175 partium,
511 1113 587 1171 quae
609 1103 680 1155 sunt
700 1097 737 1156 de
756 1091 1049 1171 configurationibus
1063 1097 1094 1149 et
1107 1092 1264 1151 hostilium

160 1204 190 1258 et
209 1201 374 1259 amicerum
394 1201 550 1278 signorum
571 1201 626 1277 (ll,
648 1203 814 1275 tae-6073
835 1199 878 1273 ΙΙ,
900 1196 1075 1271 608-643).
1115 1195 1157 1254 Idt
1177 1195 1266 1253 facile

159 1302 217 1360 tibi
241 1303 438 1379 persuadebis
464 1304 523 1362 iam
550 1304 698 1363 confectis
718 1305 828 1363 ceteris
849 1301 921 1361 libri
941 1300 974 1358 II
995 1299 1134 1375 partibus
1155 1299 1267 1374 viginti

159 1407 275 1479 septem
298 1405 369 1464 illos
389 1424 502 1482 versus,
530 1408 582 1482 qui
602 1410 675 1466 sunt
693 1407 730 1466 de
751 1406 887 1465 amicitia
906 1422 941 1462 ac
961 1402 1028 1476 fide,
1050 1420 1068 1460 a
1087 1406 1181 1477 poeta
1201 1419 1265 1460 esse

159 1506 340 1583 adscriptos.
366 1542 402 1552 -
428 1509 547 1569 Deinde
574 1509 632 1569 hoc
656 1511 769 1569 factum
795 1528 859 1569 esso
886 1526 966 1567 anno
989 1509 1044 1566 773
1065 1511 1100 1564 ut
1120 1505 1266 1581 dieamus,

162 1610 290 1670 suadent
309 1612 332 1670 ii
352 1631 466 1687 versus,
488 1615 539 1690 qui
559 1634 586 1674 v.
608 1617 664 1675 599
687 1621 871 1690 sequuntur:

314 1776 364 1843 „In
382 1778 486 1848 populo
505 1777 595 1833 scelus
614 1781 658 1831 est
676 1781 705 1831 et
723 1778 866 1831 abundant
886 1780 986 1831 cuncta
1004 1775 1101 1829 ferroris

311 1864 350 1917 Et
367 1865 410 1918 fas
429 1869 512 1935 atque
531 1864 610 1918 nefas
630 1865 754 1930 mixtum,
772 1863 903 1933 legesque
924 1879 973 1932 per
990 1862 1067 1930 ipsas

314 1950 410 2005 Saevit
427 1950 572 2020 nequities,
589 1966 694 2019 poenas
711 1950 768 2002 iarn
786 1950 872 2003 noxia
891 1950 983 2003 vineit.

311 2036 424 2091 Scilicet
442 2038 469 2091 in
487 2036 580 2090 multis
598 2036 727 2105 quoniam
747 2035 888 2089 discordia
907 2034 992 2103 signis

312 2120 436 2192 Corpora
454 2126 612 2187 nascuntur,
631 2139 688 2191 pax
707 2125 752 2175 est
772 2122 884 2176 sublata
901 2139 950 2191 per
968 2120 1062 2175 orbern

310 2208 348 2261 lta
364 2208 429 2262 fidei
446 2226 537 2263 rarum
555 2209 651 2264 foedus
668 2208 826 2277 paucisque
844 2208 985 2261 tributum.

310 2292 402 2363 thue
421 2294 474 2348 sibi
492 2295 608 2361 caelum,
626 2296 667 2348 sie
684 2294 765 2348 tellus
785 2294 903 2348 dissidet
921 2294 985 2362 ipsa

311 2379 406 2448 Atque
424 2380 562 2434 hominurn
581 2386 677 2450 gentes
695 2381 806 2435 inimica
824 2384 899 2434 sorte
917 2378 1069 2432 lcrnniu1·“.

157 2542 217 2601 Illo
238 2541 327 2616 enim,
347 2547 381 2602 ut
400 2544 458 2602 hoe
478 2543 517 2602 ad
536 2545 642 2618 priora
662 2543 798 2618 adiciam,
820 2561 900 2601 anno
916 2541 1036 2618 Lepida
1053 2538 1200 2615 quaedam
1212 2555 1263 2596 ve·-

157 2647 255 2705 neficii
280 2652 422 2705 accusata
446 2650 506 2720 est;
534 2666 569 2705 ae
595 2647 750 2705 saeviebat
768 2646 907 2722 profecto
929 2646 1012 2721 leges
1033 2662 1088 2720 per
1109 2645 1192 2720 ipsas
1213 2659 1264 2700 ne·

158 2750 278 2824 quities,
306 2751 391 2809 cuius
412 2750 456 2808 rei
477 2751 566 2809 testis
588 2750 845 2826 locupletissimus
867 2748 991 2807 Tacitus
1013 2754 1067 2807 est.
1107 2745 1138 2804 N
1141 2765 1181 2804 en
1202 2745 1266 2803 sine

158 2853 309 2910 invidiola
333 2853 370 2910 de
395 2853 610 2911 vetustissimis
636 2854 818 2927 mortalium,
850 2852 902 2927 qui
928 2851 1030 2909 onrnia
1057 2850 1122 2908 sine
1149 2849 1268 2924 legibus

158 2955 334 3031 gessissent,
353 2956 498 3015 memoria
512 2956 734 3032 redintegrata:
755 2955 955 3032 „Multitudo,
976 2954 1078 3028 inquit
1086 2954 1127 3028 ¹²),
1147 2952 1267 3028 pericli-

157 3059 288 3118 tantium
308 3059 467 3136 gliscebat,
488 3078 556 3119 cum
575 3061 673 3119 omnis
693 3061 801 3119 domus
822 3059 992 3118 delatorum
1006 3056 1268 3134 interpretationi·

157 3163 213 3220 bus
240 3163 476 3238 subverteretur,
500 3171 593 3238 utque
619 3165 747 3223 antehac
771 3161 897 3239 flagitiis
925 3164 969 3221 ita
990 3167 1062 3220 tune
1089 3161 1165 3237 (scil.
1186 3176 1267 3218 anno

157 3267 226 3341 773)
251 3266 399 3342 legibus
425 3268 685 3327 laborabatur.
727 3268 804 3326 Tum
831 3266 984 3324 delatores
1012 3265 1104 3323 altius
1129 3268 1268 3340 penetra·

156 3369 241 3443 bant,
268 3370 404 3445 praemio
430 3371 557 3447 inducti,
584 3374 748 3446 urbemque
776 3377 807 3430 et
827 3370 948 3429 ltaliam
972 3374 1012 3445 et,
1040 3368 1122 3443 quod
1142 3384 1269 3442 usquam

157 3472 277 3549 civium,
298 3474 526 3551 corripuerant:
547 3476 770 3549 multorumque
791 3474 884 3533 excisi
902 3476 1000 3533 status
1014 3475 1046 3533 ct
1058 3476 1157 3532 terror
1172 3470 1267 3530 omni·

157 3574 213 3633 bus
234 3576 476 3636 intentabatur.“

232 3678 332 3739 Porro
355 3681 429 3756 quid
448 3682 555 3741 melius
575 3681 713 3742 illustrat
732 3683 824 3741 illud:
851 3699 985 3758 „poenus
1007 3681 1067 3739 iarn
1088 3679 1183 3738 noxia
1203 3679 1267 3738 vin·

157 3780 227 3857 cit“,
256 3799 345 3857 quarn
369 3785 418 3844 lex
446 3784 545 3863 Papia
572 3786 729 3863 Poppaea,
755 3805 844 3862 quam
869 3789 907 3845 ab
934 3785 1076 3861 Augusto
1103 3784 1268 3843 incitandis

158 3887 307 3946 caelibum
327 3889 439 3963 poenis
460 3895 491 3947 et
512 3889 651 3965 augendo
666 3891 785 3950 aerario
801 3889 948 3949 sancitam
962 3906 1027 3947 esse
1041 3888 1120 3947 idem
1135 3887 1268 3963 scriptor

157 3988 195 4046 ad
216 4008 327 4049 annum
348 3994 404 4051 773
425 3992 567 4052 enarrat?
598 3992 688 4052 Unde
709 3994 852 4069 graviora
871 4010 943 4051 sane
956 3991 1139 4050 detrimenta
1154 3988 1266 4048 consti·

156 4093 232 4151 tutis
253 4095 433 4154 custodibus
454 4096 573 4155 civitati
594 4102 658 4155 tum
672 4097 760 4155 illata
775 4102 854 4168 sunt,
876 4113 965 4170 quarn
979 4093 1135 4153 commoda
1148 4093 1267 4152 aerario

158 4195 292 4270 publico.
332 4197 471 4274 Accedit,
493 4199 573 4273 quod
594 4203 659 4259 tum
679 4200 850 4259 delationes
871 4200 908 4257 de
928 4199 1012 4258 laesa
1031 4197 1189 4256 maiestate
1210 4196 1270 4255 lac-

157 4299 259 4375 sisque
282 4300 483 4377 religionibus
505 4303 537 4362 in
557 4303 807 4364 consuetudinem
825 4321 943 4362 venere.
974 4302 1051 4359 Itern
1066 4302 1156 4360 rebus
1170 4318 1197 4357 a.
1212 4300 1268 4360 773

155 4404 251 4479 gestis
273 4406 432 4483 probatur,
455 4407 537 4484 quod
557 4413 743 4484 postremum
762 4407 910 4466 Manilius
933 4404 1052 4482 posuit:

158 4536 362 4548 -—-——-—

229 4621 263 4691 ¹⁴)
281 4621 350 4680 Tac.
368 4622 443 4679 Anu.
460 4622 513 4691 111,
530 4622 578 4691 aa
597 4621 645 4679 eir.
663 4622 729 4679 ibid
746 4621 769 4690 1,
786 4623 828 4679 73.
