2880 5182
610 774 820 836 ..55-

163 960 305 1020 carminis
325 964 534 1038 argumentum
553 960 688 1019 breviter
708 961 854 1037 explicari
877 966 907 1019 et
923 962 1008 1036 quasi
1023 962 1122 1020 thema
1137 963 1270 1020 auctoris

166 1063 340 1122 adumbrari
361 1063 479 1121 invenit
498 1063 546 1121 his
567 1063 705 1122 versibus
726 1063 766 1139 V,
789 1065 954 1126 197-205:

336 1166 395 1232 „At
412 1167 539 1235 Procyon
559 1166 649 1220 oriens
668 1208 674 1221 .
693 1207 700 1221 .
719 1208 725 1222 .
745 1175 822 1220 arma
841 1168 942 1222 creatis

334 1252 466 1306 Venandi
484 1253 591 1305 tribuit:
612 1252 719 1306 catulos
737 1252 839 1306 nutrire
858 1255 968 1323 sagacis

334 1341 372 1393 Et
390 1354 475 1406 genus
494 1354 511 1390 a
530 1338 650 1407 proavis,
669 1355 759 1393 mores
777 1356 922 1394 numerare
940 1357 990 1410 per
1007 1343 1088 1396 urbes

335 1426 472 1495 Retiaque
490 1429 519 1479 et
536 1423 630 1477 valida
649 1425 786 1478 venabula
804 1425 917 1493 cuspide
935 1424 992 1479 fixa

335 1512 482 1581 Lentaque
501 1510 637 1565 context—is
657 1509 774 1564 formare
792 1510 903 1564 hastilia
920 1511 1007 1578 nodis,

335 1599 372 1652 Elt
391 1598 572 1668 quodcunque
591 1597 663 1651 solet
680 1596 798 1650 venandi
817 1612 931 1666 poscere
949 1595 1022 1664 cu'ra,

336 1683 367 1736 In
386 1684 511 1754 proprios
531 1683 666 1738 fabricare
685 1682 765 1737 dabit
781 1682 894 1737 venalia
912 1686 1069 1753 quaestus.“

163 1786 328 1845 Praeterea
349 1788 493 1862 quasdam
514 1787 732 1846 sententiarum
753 1788 973 1863 verborumque
995 1788 1208 1848 similitudines
1226 1790 1270 1847 in·

166 1894 214 1948 ter
241 1890 372 1949 venandi
403 1892 579 1967 magistrum
605 1896 635 1948 et
661 1890 849 1966 astrologum
875 1891 1060 1950 intercedere
1085 1891 1167 1950 haud
1192 1892 1269 1951 diffi-

165 1992 222 2052 cile
247 1997 295 2053 est
319 1993 464 2070 exemplis
491 1993 698 2053 demonstrare
725 1995 778 2071 ita,
803 1998 838 2054 nt
858 1996 986 2053 alterum
1006 1996 1096 2054 alteri
1116 1996 1270 2072 cognitum

164 2096 256 2155 fuisse
277 2102 433 2174 appareat.
463 2096 528 2155 Iam
549 2098 677 2171 accedit,
698 2098 780 2173 quod
800 2115 861 2157 non
881 2098 1048 2175 dubitatur,
1071 2100 1145 2174 quin
1160 2103 1190 2158 et
1204 2100 1269 2176 ipse

166 2198 296 2258 Ovidius
316 2218 382 2260 cum
403 2200 507 2260 Tomis
530 2202 682 2261 scribebat
703 2203 754 2279 (ex
774 2201 878 2261 Ponto
899 2201 956 2278 IV,
979 2205 1023 2278 16,
1045 2200 1110 2278 ab:

407 2313 556 2384 „Aptaque
574 2313 686 2367 venanti
705 2312 816 2368 Gratius
835 2329 912 2367 arma
931 2313 1025 2368 daret“

165 2416 225 2477 iam
244 2422 314 2476 ante
336 2416 441 2476 oculos
463 2416 605 2476 habuerit
626 2415 879 2494 Cynegetioorum
900 2435 1019 2477 versum
1039 2420 1089 2478 23:

305 2527 452 2597 „Carmina
471 2533 499 2583 et
519 2545 596 2584 arma
614 2529 688 2583 dabo
707 2531 819 2584 venanti
838 2534 867 2584 et
884 2547 1033 2601 persequar
1050 2534 1124 2586 artes

302 2615 476 2671 Armorum.“
496 2658 502 2671 .
521 2658 527 2671 .
546 2659 552 2671 .

167 2718 284 2792 Quodsi
301 2737 365 2779 eam
379 2721 549 2797 epistolam,
572 2738 631 2796 qua
643 2721 718 2780 haec
733 2719 834 2780 Gratii
847 2722 940 2780 verba
954 2726 1130 2799 tanguntur,
1148 2722 1271 2783 missam

164 2839 229 2882 esse
244 2822 372 2883 Romam
392 2825 444 2882 rix
465 2830 535 2884 ante
556 2844 581 2882 a.
599 2824 638 2885 U.
661 2827 716 2884 769
737 2825 866 2901 primum
887 2825 961 2884 satis
983 2825 1063 2885 inter
1082 2844 1185 2885 omnes
1200 2845 1270 2886 con·

166 2931 236 3004 stat,
262 2927 371 2986 deinde
393 2947 455 2987 non
475 2929 678 3004 improbabile
700 2935 754 3005 est,
781 2961 819 2971 -
846 2947 943 3004 neque
964 2929 1044 2987 enim
1062 2930 1162 3006 video,
1190 2931 1269 3006 quod

165 3035 272 3089 contra
296 3031 417 3091 afferam
442 3065 480 3076 -
506 3032 537 3089 in
558 3032 785 3120 Astronomicis
810 3033 854 3106 ΙΙ,
879 3035 915 3092 43
941 3033 1042 3110 „bella
1062 3032 1211 3092 ferarum“
1231 3036 1270 3094 ad

164 3133 280 3193 Falisci
306 3152 424 3194 carmen
450 3135 621 3194 venaticum
641 3153 705 3195 esse
726 3137 893 3210 referenda,
917 3137 991 3196 haec
1011 3137 1071 3195 duo
1093 3144 1271 3213 argumenta

164 3239 334 3298 necessario
357 3238 399 3297 sio
420 3241 656 3301 concluduntur:
682 3241 787 3300 eodem
808 3240 870 3298 fere
891 3243 1037 3317 tempore,
1058 3257 1117 3314 quo
1141 3240 1270 3300 Ovidius

165 3341 275 3401 incidit
294 3343 326 3399 in
347 3344 520 3402 memoriam
540 3345 682 3403 carmiuis
704 3343 815 3418 Gratti,
836 3344 984 3403 Manilius
1003 3344 1108 3419 potuit
1127 3344 1270 3404 incohare

165 3443 404 3506 Astronomioon
431 3448 542 3506 librum
563 3448 604 3506 ΙΙ.
644 3448 706 3506 Hic
729 3454 828 3507 autem
848 3464 945 3506 annus
966 3446 1103 3506 initiam
1124 3448 1232 3506 tertius
1253 3468 1271 3508 a

165 3548 290 3608 decessu
313 3548 482 3609 Octaviani.
515 3550 705 3612 Revocemur
725 3552 821 3628 igitur
840 3551 879 3609 ad
899 3568 963 3610 eam
984 3555 1124 3625 aetatem,
1146 3568 1204 3625 qua
1224 3555 1270 3610 to·

165 3659 229 3710 tum
249 3671 366 3712 carmen
389 3655 590 3729 compositum
610 3674 675 3715 esse
696 3656 846 3714 adnnente
860 3655 1057 3714 Lachmanno
1074 3655 1204 3730 probare
1218 3672 1271 3712 ro·

167 3758 272 3816 lumea.
300 3791 335 3799 -
361 3756 476 3816 Verum
501 3764 602 3818 tamen
627 3760 685 3818 boc
711 3760 866 3818 inventum
892 3763 994 3817 tenere
1020 3763 1125 3817 nostra
1150 3758 1270 3817 minime

166 3861 313 3920 interesse
336 3861 441 3936 liquet.
484 3860 560 3921 (lum
580 3863 659 3922 enim
681 3860 806 3921 Gratius
834 3861 992 3940 (Cyneget.
1014 3879 1041 3918 r.
1062 3860 1131 3937 313)
1157 3860 1270 3920 nullam

165 3984 264 4024 rerum
285 3966 348 4024 sive
369 3966 407 4024 ab
428 3964 572 4042 Augusto
595 3967 657 4025 sive
678 3986 696 4024 a
716 3965 841 4025 'liberio
863 3970 1016 4041 gestarum
1036 3964 1207 4040 respexisse
1227 3965 1270 4022 vi·

165 4069 273 4128 deatur
303 4069 363 4127 nisi
388 4068 573 4147 Aegyptiaci
603 4071 690 4146 regni
720 4070 846 4144 ruinam,
879 4072 973 4143 quoto
1004 4073 1077 4144 post
1105 4068 1183 4125 banc
1208 4086 1270 4127 rem

165 4190 245 4230 anno
274 4170 458 4248 Cynegetica
487 4174 519 4230 in
549 4192 654 4232 manns
685 4180 715 4233 et
742 4192 827 4232 usum
852 4171 1016 4230 amicorum
1041 4170 1190 4245 venerint,
1221 4171 1270 4228 de·

166 4275 338 4334 sicientibus
359 4276 428 4335 aliis
448 4277 579 4336 testibus
600 4296 686 4336 nemo
708 4284 755 4336 est
776 4278 828 4352 qui
849 4278 939 4335 dicat.
970 4275 1008 4333 ld
1028 4279 1128 4332 autem
1149 4279 1271 4333 nonest

165 4378 378 4454 ignorandum,
399 4378 425 4437 si
446 4380 566 4454 quando
581 4381 729 4439 Manilius
744 4381 845 4439 sidera
859 4397 965 4439 canere
979 4375 1125 4452 coeperit,
1146 4377 1269 4436 iuvante

167 4480 275 4540 Gratio
297 4482 457 4542 ostendere
477 4483 622 4542 iubemur.
652 4484 756 4560 Atque
776 4485 867 4544 etiam
888 4483 913 4541 si
936 4483 1002 4557 quis
1022 4481 1111 4542 huius
1131 4480 1176 4539 rei
1197 4499 1269 4556 gna-

167 4603 218 4645 rus
244 4585 373 4662 adesset,
398 4586 548 4647 iudicaret
570 4593 670 4652 autem
689 4589 748 4648 hoc
767 4587 914 4649 accidisse
934 4588 1004 4648 ante
1025 4585 1141 4644 cladem
1160 4583 1270 4647 Varia·
