2880 5182
606 825 817 888 „25-

157 1012 305 1071 Tiberius·
324 1013 357 1070 in
384 1029 467 1087 spem
493 1010 693 1069 successionis
714 1011 848 1070 venisset
869 1014 923 1070 eut
942 1011 1095 1086 expetitus
1116 1011 1225 1071 fuisset
1245 1032 1263 1070 u

154 1116 281 1192 popule.
317 1114 424 1189 Neque
446 1115 534 1188 enim,
556 1118 696 1191 utputo,
717 1115 822 1172 edesse
845 1114 911 1173 vult
931 1114 1172 1172 Astronomicon
1193 1133 1262 1174 cuc·

154 1225 204 1278 tor
230 1236 329 1277 meros
355 1218 490 1294 Augusti
519 1219 637 1294 imperii
664 1218 799 1292 heredes,
831 1217 892 1291 sed,
924 1235 990 1274 cum
1017 1217 1049 1274 hi
1076 1236 1112 1274 ne
1139 1218 1264 1277 veniunt

153 1322 322 1399 periculum
343 1340 404 1379 nou
426 1321 476 1396 sit,
496 1322 527 1379 id
548 1322 688 1397 inprimis
702 1305 801 1397 roget,
824 1341 860 1380 ne
874 1322 993 1397 petrice
1007 1326 1110 1396 putres
1125 1321 1260 1393 desintfl)

152 1425 260 1502 Roget
283 1431 383 1484 autem
408 1426 461 1500 ito,
488 1429 523 1484 ut
546 1424 746 1484 Octavianum
773 1434 916 1499 tunquam
943 1429 1134 1498 praesentem
1160 1423 1259 1499 adspi-

154 1546 220 1587 cere
246 1547 308 1587 non
334 1501 443 1604 possit.
484 1530 559 1588 Inde
586 1547 774 1604 consequens
806 1532 859 1598 est,
892 1534 925 1586 ut
951 1527 1167 1584 Astronomicc
1200 1546 1260 1584 non

153 1631 225 1688 huic
249 1630 388 1689 dedicate
413 1631 534 1707 fuerint,
566 1638 656 1707 etque
677 1632 835 1707 colligitur
856 1632 1036 1709 necessarie,
1067 1637 1101 1688 ut
1127 1629 1260 1704 aliunde,

156 1734 255 1792 obisse
275 1734 334 1792 iem
354 1753 421 1793 eum
443 1735 480 1793 ud
501 1735 606 1793 Divos.

148 1849 156 1861 ·
235 1837 347 1896 Verum
373 1843 473 1900 tumen
499 1857 657 1914 superesse
684 1841 715 1897 in
741 1840 821 1898 libro
847 1837 895 1895 IV
921 1836 1128 1896 testimonium
1155 1836 1191 1894 de
1219 1836 1262 1892 vi·

159 1945 246 1998 vente
274 1942 472 2001 certissimum
499 1945 579 2018 sunt,
606 1944 657 2017 qui
682 1944 795 2001 dicunt.
835 1943 1027 2016 Inquiramus
1053 1939 1162 1997 iamin
1184 1940 1263 1998 hunc

158 2044 256 2103 locum
271 2045 329 2119 (vv.
342 2045 516 2120 933-935),
540 2064 598 2121 quo
611 2047 799 2105 Luchmenni
817 2045 1007 2116 senteutiam,
1024 2061 1112 2118 quum
1126 2046 1263 2101 nostrum

158 2148 391 2220 essevolumus,
413 2150 571 2225 splendide
593 2150 701 2226 repelli
721 2154 845 2226 putent:

282 2265 342 2335 „Ne
361 2268 471 2321 dubites
489 2270 590 2322 homini
610 2270 715 2324 divinos
734 2271 845 2324 credere
863 2270 952 2326 visus:

293 2353 363 2406 Iam
383 2354 469 2407 fecit
486 2355 561 2424 ipse
580 2355 660 2410 deos
680 2357 817 2426 mittitque
837 2356 873 2408 ud
892 2355 984 2408 sideru
1003 2369 1111 2419 numen,

294 2440 386 2493 Maius
405 2441 605 2511 etAugueto
625 2447 760 2496 crescet
778 2443 839 2495 sub
858 2440 1016 2512 principe
1036 2437 1159 2492 caelum“

157 2580 232 2621 neve
254 2562 437 2637 omittemus,
459 2579 535 2636 quoe
556 2562 717 2621 ednotuvit
732 2563 866 2621 Jucobus
887 2563 925 2620 ud
946 2578 1065 2619 versum
1085 2563 1263 2616 extremum:

157 2664 246 2742 „Quo
268 2665 355 2723 finito
377 2666 435 2724 hoc
455 2666 536 2724 libro
551 2666 726 2742 Augustum
747 2685 808 2724 non
829 2666 993 2725 excessisse
1014 2681 1030 2721 e
1049 2662 1114 2720 vite
1135 2667 1165 2719 et
1184 2661 1265 2719 inter

158 2769 231 2827 deos
251 2769 381 2827 reletum
401 2786 466 2826 esse
489 2772 603 2828 eertum
624 2775 720 2828 estet
733 2769 968 2828 confirmetum“.
989 2801 1025 2810 —
1046 2766 1117 2824 Hoc
1132 2765 1183 2839 qui
1198 2771 1263 2822 tun·

158 2870 225 2929 dem
245 2871 394 2931 efficitur?
425 2872 462 2930 In
483 2873 606 2949 epilogo
628 2874 717 2931 huius
739 2874 820 2948 libri,
843 2891 902 2948 quo
924 2873 971 2929 illi
986 2888 1090 2930 versus
1105 2868 1262 2927 continen-

160 2980 219 3050 tur,
239 2979 332 3051 poete
353 2976 542 3035 demonstret
562 2979 752 3054 „exemplum
772 2978 822 3036 dei
844 2993 989 3051 quemque
1005 2993 1070 3033 esse
1085 2975 1116 3031 in
1131 2972 1262 3047 imagine

159 3079 272 3154 perve“
295 3081 335 3154 (v.
357 3078 426 3155 895)
449 3086 479 3138 et
493 3080 576 3164 caelo
592 3085 764 3156 cognatum.
797 3080 890 3140 Cuius
905 3080 949 3137 rei
964 3077 1048 3136 vnric
1063 3076 1202 3152 congerit
1216 3092 1263 3132 cr·

157 3188 308 3258 gemente,
339 3202 354 3241 e
382 3183 491 3257 quibus
517 3185 677 3245 maximum
702 3185 733 3241 in
760 3184 843 3241 exitu
869 3182 968 3258 ponit.
1013 3180 1125 3254 Homo,
1152 3179 1262 3256 inquit,

158 3286 217 3344 ium
240 3286 314 3345 feeit
340 3287 405 3363 ipse
431 3289 516 3361 deos,
541 3292 587 3346 est
612 3288 708 3363 igitur
733 3287 857 3346 deorum
883 3303 995 3362 parens
1020 3302 1114 3358 eaque
1141 3301 1171 3342 re
1197 3285 1262 3359 ipse

157 3390 240 3460 deun,
260 3390 414 3465 mittitque
436 3392 558 3449 numine
579 3410 597 3449 a
618 3409 648 3449 se
669 3391 750 3450 fecte
770 3391 808 3449 ed
831 3391 946 3463 sideru3
967 3389 1011 3446 ite
1031 3388 1073 3462 fit,
1095 3393 1129 3444 ut
1149 3387 1180 3443 iu
1195 3387 1260 3444 dies

158 3492 280 3568 longius
312 3493 387 3552 caeli
418 3494 492 3552 fines
518 3494 714 3570 proferentur
739 3494 918 3571 praesertim
944 3492 1083 3569 principe
1108 3491 1260 3565 Augusto.

160 3595 235 3655 Cum
261 3597 308 3654 his
336 3603 406 3673 epte
434 3599 498 3656 sine
525 3598 619 3656 dubio
646 3588 860 3674 comparentur
886 3615 930 3671 ee,
957 3614 1033 3670 quoe
1053 3594 1112 3652 inm
1134 3609 1262 3667 supree

158 3700 238 3759 libro
260 3702 276 3760 Ι
297 3701 552 3777 deprompsimus:

280 3891 356 3945 Julic
374 3890 516 3944 descendit
535 3890 613 3944 caelo
633 3805 1023 3960 caelumgg¹e⁰{.e0⁵plevittt

159 4000 202 4052 et:

281 4096 404 4163 „Caesar
423 4113 494 4151 nunc
511 4099 601 4164 terris,
619 4101 683 4169 post
702 4098 803 4152 coelo
823 4099 990 4152 maximus
1010 4096 1157 4150 auct0r“.

158 4215 313 4292 Agnoscis
344 4219 423 4277 enim
450 4220 669 4278 sententiarum
695 4238 883 4294 consensum,
915 4219 965 4293 qui
993 4223 1039 4276 est
1063 4218 1099 4275 de
1125 4215 1262 4292 legitima

158 4321 319 4397 apotheosi
336 4320 475 4380 Ocescris
496 4322 619 4397 eiusque
641 4328 871 4398 prognatorum.
904 4321 999 4380 Cuius
1020 4320 1134 4396 stirpis,
1156 4322 1190 4378 ut
1203 4318 1262 4378 fert

157 4469 362 4480 ——--.

236 4554 256 4621 ⁷)
275 4554 341 4608 Huc
360 4554 479 4625 pertinet
497 4557 590 4623 etium,
610 4556 682 4625 qnod
701 4571 795 4609 omnes
813 4555 950 4626 principes
969 4552 1130 4621 cognomine
1149 4551 1261 4622 putris

158 4639 299 4713 patriae
317 4641 373 4694 iure
391 4641 501 4712 publico
520 4641 654 4715 appellati
671 4646 743 4697 sunt.
