2880 5182
229 44 260 59 ‚-

10 39 1008 315 -

21 312 134 339 ·-¹2r·r.-
251 310 255 315 ¹

575 794 786 856 —61-

179 983 206 1050 9)
223 982 254 1038 Il.
271 982 325 1052 VI,
347 983 486 1039 269-280
509 984 537 1036 et
555 981 593 1037 M.
612 980 634 1036 I.
655 982 797 1049 rot-181,
821 980 868 1035 ubi
890 980 953 1034 dum
977 980 1011 1034 de
1033 979 1124 1034 media
1141 984 1232 1034 terrae

320 1072 323 1078 '
470 1069 590 1124 statione
609 1069 732 1138 exponit,
752 1068 824 1122 alter
841 1070 926 1138 poeta
945 1065 1056 1120 alterius
1073 1067 1163 1146 verbis
1183 1082 1233 1120 sua

469 1155 626 1211 adsimulat.

163 1242 205 1309 10)
223 1241 255 1298 F.
274 1242 296 1310 l,
319 1244 369 1298 217
394 1242 452 1310 (cir.
472 1243 555 1296 Trist.
573 1241 595 1308 I,
619 1242 643 1308 5,
666 1243 694 1307 7)
719 1256 856 1307 census,
878 1237 952 1309 quod
974 1239 1086 1293 verbum
1104 1239 1232 1293 Manilius

469 1329 553 1382 etiam
573 1329 684 1398 saepius
701 1344 751 1398 pro
769 1326 915 1394 „divitiae“
933 1326 1021 1395 ponit.

126 1447 230 1509 Etiam
255 1450 345 1526 plura
365 1451 397 1507 in
418 1450 506 1509 libris
527 1453 559 1508 et
578 1448 870 1524 Metamorphoseon
890 1454 921 1506 et
940 1447 1112 1522 Fastorum,
1138 1447 1163 1505 si
1182 1465 1233 1505 ra-

127 1552 237 1611 lidiore
259 1553 403 1612 memoria
422 1551 580 1628 praeditus
601 1549 828 1610 Astronomicis
851 1569 974 1627 operam
993 1549 1123 1624 dederis,
1149 1567 1233 1626 repe·

127 1655 197 1732 ries,
219 1673 294 1730 quae
314 1656 345 1714 iu
360 1632 586 1714 Astronomiois
608 1672 728 1729 quoque
751 1658 831 1730 sunt,
851 1655 943 1712 talem
965 1653 1094 1729 speciem
1113 1671 1233 1729 praese

126 1757 265 1835 ferentia,
287 1765 321 1818 ut
341 1760 378 1818 ab
395 1758 508 1817 Ouidio
531 1760 598 1817 solo
619 1774 717 1832 neque
738 1759 775 1816 ab
790 1757 860 1816 aliis
875 1756 1034 1816 didactieis
1048 1757 1161 1833 poetis,
1182 1756 1234 1831 qui

125 1860 272 1920 Lucretio
301 1863 447 1938 magistro
470 1862 645 1935 floruerant,
666 1862 736 1921 ficta
756 1879 820 1920 esse
840 1861 1012 1920 videantur.
1052 1860 1143 1919 Unde
1164 1878 1234 1919 con·

127 1980 255 2040 sequens
277 1982 343 2024 esse
363 1965 458 2041 dicas,
485 1970 520 2023 ut
538 1963 756 2024 Astronomica
776 1969 849 2042 post
870 1964 924 2023 illa
946 1962 1050 2023 Ovidii
1071 1982 1165 2039 opera
1185 1982 1234 2023 ex·
1331 1995 1334 1999 v

127 2067 272 2127 stiterint.

204 2169 265 2230 Sed
286 2189 349 2231 non
368 2171 468 2248 video,
490 2189 543 2231 cur
563 2191 607 2248 ea,
629 2189 704 2247 quae
719 2177 789 2231 ante
802 2170 1009 2248 principatum
1024 2171 1063 2230 ad
1078 2171 1234 2230 Tiberium

126 2274 259 2335 delatum
285 2276 317 2334 in
341 2276 437 2334 lucem
457 2275 608 2351 prodiere,
634 2275 825 2351 perlustrem,
852 2275 877 2333 si
892 2275 1030 2350 ‘quidem
1052 2291 1128 2349 quae
1149 2289 1233 2335 aetas

126 2378 248 2439 Manilii
268 2398 387 2439 carmen
406 2379 523 2454 tulerit,
544 2379 667 2438 aliunde
687 2379 810 2455 planius
831 2384 970 2456 apparet.
1002 2379 1077 2437 Plus
1093 2379 1233 2455 proiecto

129 2483 275 2542 conducet
299 2483 338 2542 ad
364 2501 428 2543 eam
449 2483 662 2542 inveniendam
681 2482 857 2560 praeteritis
880 2482 1034 2542 Tristibus
1056 2488 1086 2542 et
1106 2482 1234 2542 Halieu·
1289 2469 1295 2482 ’

126 2586 196 2646 ticis
223 2592 314 2662 atque
338 2587 436 2665 Ibide,
463 2604 522 2662 quo
549 2588 581 2645 in
606 2587 736 2646 carmine
762 2585 815 2645 iix
839 2590 903 2646 tres
928 2604 1032 2646 versus
1053 2586 1234 2646 Manilianis

126 2689 231 2765 aliqua
249 2697 337 2766 parte
358 2690 471 2749 similes
493 2691 592 2763 video,
613 2690 745 2750 animum
764 2690 923 2766 paulisper
945 2708 1001 2750 nos
1022 2691 1181 2751 attendere
1201 2691 1234 2749 in

127 2793 274 2869 epistolas
294 2795 332 2853 ab
349 2792 461 2854 Ouidio
483 2795 616 2855 ePonto
638 2794 735 2871 datas,
758 2812 832 2871 quus
847 2793 1008 2853 maximum
1022 2800 1139 2871 purtem
1153 2812 1234 2853 anno

125 2896 262 2972 Augusti
289 2898 449 2958 emortuali
476 2899 659 2958 recentiores
686 2902 798 2974 putant
825 2899 926 2973 esse.2)
970 2897 1104 2971 Quarum
1125 2899 1156 2955 in
1177 2899 1235 2957 lee-

126 3001 211 3060 tione
232 3001 318 3078 adeo,
338 3007 373 3061 ut
393 3006 492 3062 mente
511 3002 666 3078 retineret,
687 3001 819 3062 Manilio
834 3001 986 3078 placuisse
1000 3006 1235 3061 consentaneum

129 3109 177 3163 est
196 3102 352 3181 inprimis:

207 3234 272 3302 1,1‚
307 3235 354 3293 tr:
382 3234 490 3292 Locum
509 3236 574 3291 dato
593 3251 675 3290 saera
695 3235 794 3290 ferenti

248 3321 273 3385 2,
308 3320 355 3377 73:
382 3320 486 3376 Caesar
503 3365 510 3378 .
529 3364 536 3378 .
555 3364 561 3377 .
581 3322 649 3377 deus
669 3322 761 3378 omnia
778 3321 851 3378 norit

247 3409 272 3475 2,
291 3409 353 3463 125:
381 3407 434 3475 Qui
451 3410 517 3465 vicit
535 3425 645 3479 semper
662 3410 744 3464 victis
762 3413 793 3463 ut
810 3424 927 3480 parcere
944 3411 1042 3479 posset

421 3493 527 3550 Clausit
545 3498 574 3549 et
592 3499 707 3551 aeterna
725 3496 813 3550 civica
829 3494 904 3550 bella
921 3511 985 3549 sera

128 3604 133 3611 ⁴
248 3582 273 3649 6,
308 3583 355 3638 87:
383 3579 502 3636 Garcere
520 3582 608 3637 clausi

181 3666 232 3734 111,
252 3669 276 3735 1,
295 3669 359 3724 125:
387 3666 448 3733 Qua
467 3669 575 3737 (uxore)
593 3670 659 3724 nihil
676 3669 704 3724 in
721 3669 800 3723 terris
819 3667 955 3723 adfinem
974 3666 1041 3722 solis
1060 3668 1096 3724 ab
1115 3672 1176 3723 ortu

421 3753 528 3809 Clarius
546 3759 665 3826 excepto
686 3755 808 3811 Caesare
827 3754 943 3808 mundns
961 3753 1048 3807 habet

252 3842 275 3907 1,
293 3840 357 3897 135:
383 3839 480 3894 domus
497 3842 618 3912 Augusti
635 3870 669 3881 -
686 3841 770 3912 plena
789 3839 868 3911 pacis
887 3840 939 3893 erit

248 3926 273 3994 3,
307 3928 355 3982 88:
381 3927 491 3997 patriae
509 3942 609 3998 magne
628 3927 759 3998 ducisque
774 3932 857 3997 pater
874 3925 943 3995 (soil.
957 3925 1059 3995 Tiberi,
1078 3926 1235 3983 Germanici

714 4019 773 4067 ater

250 4100 275 4165 6,
309 4100 357 4154 23:
383 4100 513 4170 Principe
531 4116 583 4155 nec
600 4012 782 4155 nostropdeud
800 4101 844 4153 est
862 4097 1031 4154 moderatior
1047 4098 1131 4155 ullus:

380 4187 496 4242 Justitia
513 4189 585 4242 vires
603 4190 741 4258 temperat
758 4185 803 4239 ille
821 4201 886 4239 suas

248 4272 354 4339 9‚124:
385 4272 427 4326 Tu
455 4273 525 4340 (scil.
548 4275 686 4345 Auguste)
713 4275 823 4328 nostras
853 4271 930 4326 audis
957 4272 1029 4326 inter
1051 4286 1174 4327 convexa
1196 4270 1235 4326 lo·

694 4365 774 4417 catus

381 4445 479 4502 Sidera
497 4487 504 4503 .
523 4488 530 4503 .
550 4490 557 4504 .
574 4463 679 4519 preces.

129 4551 333 4563 ...ια-...ιιι

197 4622 220 4693 ²)
240 4621 295 4678 Gir.
313 4622 401 4679 Teuff.
420 4622 484 4678 hist.
501 4620 541 4678 lit.
559 4638 627 4678 rom.
644 4619 669 4692 ἓ.
686 4622 746 4689 245,
764 4623 789 4677 2.
