2880 5182
629 802 840 861 ..77-

256 985 367 1044 Potens
389 983 512 1060 igituri)
534 985 673 1061 insulam,
695 1002 770 1059 qnae
786 984 913 1044 Phoebo
935 993 1052 1046 sacrata
1073 994 1147 1066 erat,
1169 990 1208 1048 ad
1225 991 1283 1050 Oo-

180 1088 315 1165 loplrona
336 1088 483 1165 appulsus
506 1087 702 1147 Germanicus
726 1088 821 1148 Clarii
835 1089 995 1165 Apollinis
1016 1093 1181 1166 oraculum,
1202 1095 1283 1166 quod

179 1194 361 1270 consuleret,
382 1193 477 1251 adiise
499 1196 649 1251 narratur.
679 1190 848 1267 „Sacerdos
864 1193 974 1252 Mileto
995 1195 1109 1253 accitus
1131 1215 1284 1255 numerum

177 1296 267 1355 modo
289 1296 511 1356 consulentium
532 1301 563 1352 et
584 1295 707 1353 nomina
727 1294 825 1353 audit:
847 1300 910 1353 tum
931 1297 962 1353 in
983 1315 1104 1373 specum
1124 1297 1283 1373 degressus

176 1401 286 1458 hausta
312 1400 407 1458 fontis
428 1399 530 1458 arcani
552 1416 631 1473 aqua
651 1398 775 1473 ignarus
796 1399 973 1474 plerumque
994 1402 1150 1461 literarum
1170 1407 1201 1461 et
1220 1421 1283 1461 car-

176 1504 289 1562 minum
315 1504 379 1562 edit
405 1521 553 1580 responsa
576 1502 713 1560 versibus
741 1548 746 1559 .
770 1546 777 1558 .
803 1506 834 1561 et
853 1502 1006 1561 serebatur
1028 1503 1207 1564 Germanico
1228 1525 1285 1582 per

176 1607 327 1683 ambages
349 1615 382 1664 nt
403 1625 467 1665 mos
489 1606 630 1679 oraculiS,
652 1610 800 1664 maturum
820 1606 946 1664 exitium
966 1608 1139 1667 cecinisse“.
1179 1612 1284 1684 Atque

177 1710 267 1769 etiam
287 1711 325 1769 do
346 1711 404 1769 hoe
419 1710 538 1768 Phoebi
558 1708 650 1784 adyto
671 1708 826 1768 recordari
848 1709 921 1768 mihi
943 1711 1063 1784 quidem
1084 1712 1204 1772 videtur
1218 1713 1284 1772 Ma-

178 1813 284 1885 niliae,
311 1831 406 1887 neque
431 1813 511 1872 enim
532 1812 629 1870 facero
650 1812 778 1886 poteris,
807 1813 878 1886 quin
900 1814 1004 1872 miram
1024 1833 1124 1873 rerum
1145 1816 1283 1875 similitu-

177 1917 276 1975 dinem
297 1918 416 1992 Tacito,
443 1918 495 1991 qui
515 1916 599 1974 illius
621 1916 864 1974 narratiunculae
885 1921 992 1974 auctor
1013 1920 1067 1993 est,
1096 1936 1161 1976 curn
1182 1926 1283 1994 poeta,

176 2020 212 2078 de
241 2037 300 2094 quo
327 2021 452 2096 agimus
479 2037 544 2078 esse
570 2036 730 2094 agnoscas,
755 2020 808 2077 ubi
830 2019 960 2094 primum
980 2020 1012 2077 in
1031 2023 1190 2098 prooemio
1212 2022 1284 2081 libri

174 2123 414 2183 Astronomieon
436 2123 479 2196 II,
499 2125 613 2182 53-56
633 2122 760 2197 legeris:

792 2258 982 2326 „Quaeramus

328 2346 438 2401 Undam
458 2388 464 2401 .
484 2387 490 2400 .
509 2343 624 2400 occultis
643 2344 823 2398 meditantem
843 2363 962 2400 murmur
981 2349 1009 2401 in
1028 2349 1113 2403 antris

328 2433 417 2499 Quam
436 2449 525 2501 neque
545 2432 641 2485 durato
661 2436 806 2498 gustarunt
824 2448 871 2486 ore
889 2433 1014 2488 volucres

326 2520 391 2588 Ipse
410 2535 461 2572 nec
480 2518 610 2572 aethereo
628 2517 758 2570 Phoebus
777 2517 906 2571 libaverit
924 2519 989 2587 igni.

327 2604 433 2660 Nostra
449 2605 560 2674 loquar:
579 2603 643 2656 nulli
662 2607 754 2656 vatum
774 2604 937 2658 debebimus
958 2607 1030 2659 ora.“

173 2761 270 2819 neque
302 2745 326 2802 si
358 2744 419 2803 alia
449 2743 570 2802 itineris
600 2742 731 2818 vestigia
757 2744 949 2817 apparebunt
975 2744 1134 2818 aliquanto
1161 2746 1281 2804 eviden-

171 2848 262 2924 tiora,
293 2853 451 2922 utrumqne
476 2847 656 2923 scriptorem
681 2845 791 2903 mentis
817 2847 912 2904 oculis
939 2847 1065 2906 eundern
1091 2848 1189 2906 locum
1214 2867 1281 2923 per-

173 2952 326 3024 lustrasse,
356 2954 391 3008 ut
420 2967 520 3026 spero,
550 2968 663 3008 meeum
693 2948 814 3006 credere
846 2949 1010 3007 recusabis.
1057 2948 1134 3025 (cfr.
1165 2968 1194 3025 p.
1221 2950 1280 3026 82.)

174 3053 254 3128 Quin
281 3061 311 3113 te
338 3070 458 3128 quoque
484 3053 648 3129 praevideo
673 3071 709 3111 eo
735 3071 976 3129 progressurum,
1006 3060 1039 3112 ut
1064 3055 1175 3112 librum
1195 3055 1281 3113 illum

171 3164 243 3233 post
272 3157 499 3216 exscensionem
529 3157 561 3213 in
587 3155 693 3214 Asiam
723 3156 833 3216 factam
865 3158 1011 3233 scriptum
1041 3175 1106 3216 esse
1137 3157 1280 3216 conicias.

172 3261 236 3319 lam
267 3261 346 3320 enim
378 3260 410 3317 in
440 3259 615 3318 Annalibus
646 3259 703 3336 (Il,
732 3259 783 3335 54)
815 3260 941 3333 legimus
970 3259 1182 3319 Germanicum
1210 3279 1280 3320 vere

171 3366 243 3426 anni
256 3364 296 3424 U.
317 3367 372 3424 771
394 3364 537 3440 cupidine
558 3368 676 3422 veteres
696 3362 781 3421 locos
803 3367 833 3422 et
854 3364 933 3422 lama
949 3363 1119 3422 celebratos
1135 3365 1280 3422 noscendi

172 3467 341 3544 incitatum,
361 3486 427 3526 cum
447 3467 486 3525 ad
506 3467 597 3526 ilium
618 3466 802 3541 navigasset,
823 3467 854 3523 in
876 3466 965 3525 huius
985 3467 1070 3526 urbis
1090 3467 1215 3542 regione
1235 3485 1280 3541 ea,

172 3588 247 3646 quae
273 3572 422 3630 varietate
448 3571 589 3630 fortunae
616 3578 647 3630 et
671 3568 780 3646 populi
804 3569 934 3628 Romani
962 3570 1080 3646 origine
1107 3570 1280 3629 veneranda

171 3680 281 3750 essent,
308 3674 545 3750 contemplatum
573 3692 646 3733 esse.
686 3675 751 3733 Vix
772 3673 867 3750 igitur
887 3672 1011 3731 dubium
1032 3678 1088 3748 est,
1116 3675 1188 3748 quin
1209 3674 1280 3732 huic

171 3778 241 3836 duci
262 3778 445 3837 mentionem
464 3778 582 3853 patriae
602 3778 717 3837 Priami
738 3776 941 3854 gratissimam
956 3775 1103 3834 Manilius
1123 3776 1280 3852 putaverit

133 3934 139 3950 ,
170 3885 271 3958 atque,
298 3881 324 3939 si
352 3881 474 3940 omnino
502 3899 606 3940 versus
633 3881 750 3957 edebat,
778 3881 816 3939 ad
837 3898 902 3938 eam
922 3879 1172 3954 frequentandam
1193 3880 1279 3939 incli-

172 3986 297 4062 naverit,
325 4003 431 4062 nempe
458 3986 483 4044 si
505 3985 730 4062 peregrinantis
753 3985 867 4042 socium
888 4001 954 4041 eum
975 3983 1068 4041 luisse
1089 3989 1169 4041 recte
1190 3983 1278 4057 poni-

170 4106 242 4147 mus.
283 4087 412 4146 Mutatio
435 4094 534 4147 autem
555 4089 707 4147 mutandis
729 4088 773 4146 sic
793 4085 970 4145 ratiocinari
992 4085 1037 4144 fas
1058 4090 1117 4144 est:
1138 4092 1232 4161 poeta
1252 4086 1279 4144 si

169 4194 202 4251 in
228 4191 416 4250 celebrandis
439 4192 550 4251 Troiae
576 4193 666 4251 rebus
692 4191 766 4250 mire
792 4190 904 4250 multus
930 4192 985 4263 est,
1013 4207 1074 4246 non
1103 4188 1167 4247 sino
1188 4205 1279 4246 eausa

169 4315 230 4356 una
251 4312 317 4354 cnm
339 4292 518 4353 Germanico
540 4295 617 4353 hanc
637 4296 741 4354 urbem
761 4292 874 4352 adiisse
895 4292 1042 4368 arguitur.
1077 4290 1174 4365 Atqui
1195 4291 1277 4350 vide-

167 4419 232 4462 mus
259 4416 327 4459 eum
353 4396 425 4455 libri
446 4397 479 4456 II
503 4396 625 4458 initium
646 4416 761 4458 sumere
782 4397 821 4456 ab
842 4395 977 4456 Homero
999 4399 1086 4470 patre
1107 4393 1205 4470 iisque
1226 4413 1277 4455 ra·

235 4609 258 4680 6)
278 4612 346 4668 Tac.
365 4611 552 4682 Ann.11,54.
