2880 5182
635 367 825 428 ..30-

175 550 363 626 reipublicae
383 550 479 611 allata
498 551 530 608 in
551 551 659 610 animis
681 551 814 610 omnium
834 549 974 626 inprimis
996 545 1280 624 superstitiosorum

175 654 327 714 haerebat.

252 757 359 833 Neque
389 777 461 817 vero
492 759 557 817 ullo
587 764 678 836 pacto
711 757 845 816 indidem
877 756 1007 815 efficitur
1036 752 1279 812 Astronomicon
1313 784 1317 789 ·

177 860 288 918 librum
308 861 324 917 I
345 861 404 918 ianr
424 879 451 918 a,
472 861 511 920 U.
535 864 590 921 762
611 878 675 919 esse
697 861 859 935 inceptum.
901 858 982 931 Quid
1004 859 1082 916 enim
1102 860 1149 916 est
1167 857 1280 932 proba·

176 962 269 1020 bilius
294 963 418 1036 verique
445 964 573 1021 similius
599 981 687 1037 quam
712 960 914 1020 infelicissimi
940 960 1025 1018 ducis
1053 964 1083 1019 et
1103 959 1279 1017 amissarum

177 1066 348 1140 aquilarum
369 1067 543 1125 memoriam
561 1084 616 1141 per
631 1065 793 1124 continuos
810 1082 906 1122 annos
922 1063 1003 1139 apud
1018 1080 1121 1121 omnes
1135 1061 1280 1137 viguisse,

178 1168 279 1244 quoad
298 1170 484 1245 recuperatis
500 1170 596 1245 signis
610 1169 795 1245 proavisque
811 1168 925 1226 nostris
939 1167 1056 1243 pacatis
1073 1165 1279 1240 Germaniam,

179 1269 297 1328 Tiberii
318 1270 408 1346 filius,
429 1271 673 1330 honestissimam
693 1289 797 1346 pacem
818 1268 1047 1345 confecissetl2)
1078 1269 1172 1328 Errat
1185 1268 1280 1344 igitur

177 1373 353 1450 Merkelius,
389 1391 455 1432 curn
491 1375 684 1433 statuendum
714 1391 777 1432 esse
808 1377 898 1449 putat
928 1373 1087 1430 incohasse
1117 1371 1281 1430 Manilium

175 1478 395 1536 Astronomica
416 1483 502 1536 ante
523 1497 634 1536 annum
654 1477 791 1553 Augusti
812 1477 1017 1535 emortualem.

255 1579 349 1638 Cuius
370 1581 414 1639 rei
435 1597 556 1638 causam
577 1597 611 1638 eo
634 1580 762 1638 celerius
777 1579 944 1653 extenuari,
966 1579 992 1635 si
1008 1596 1068 1654 qua
1083 1578 1207 1637 omnino
1223 1582 1280 1652 est,

177 1683 322 1759 videmus,
338 1701 397 1758 quo
413 1683 508 1759 magis
522 1684 606 1759 pacis
621 1703 639 1743 a
652 1690 746 1759 poeta
761 1683 799 1758 (I,
816 1684 864 1757 13)
880 1682 1021 1741 laudatae
1033 1680 1231 1740 meminimus.
1242 1712 1280 1722 —-
1364 1704 1367 1709 ·

176 1785 268 1845 Enim
294 1804 366 1845 vero
393 1788 577 1847 mentionem
602 1788 698 1846 cladis
719 1787 873 1845 Varianae
900 1787 926 1844 si
946 1787 1090 1861 Augusto
1112 1785 1280 1860 imperante

177 1890 249 1948 fecit
269 1896 372 1966 poete,
392 1892 483 1950 etiam
504 1891 543 1950 ad
556 1892 731 1967 Augustum
750 1891 889 1967 profecto
903 1889 1121 1949 Astronomica
1133 1890 1279 1948 missurus

177 1992 270 2052 fuisse
295 1994 449 2070 putandus
477 1996 532 2053 eet.
573 1993 609 2051 Id
636 1993 716 2051 enim
741 1994 825 2068 cogit
851 1993 1001 2069 prooemii
1022 1995 1139 2051 natura.
1180 1990 1280 2064 Atqui

176 2094 256 2153 hunc
286 2095 318 2152 in
349 2100 502 2155 senectute
534 2096 610 2154 nihil
647 2096 737 2154 docui
768 2096 891 2171 gravius
921 2096 1028 2154 tulisse
1061 2113 1149 2169 quam
1179 2112 1280 2153 casum

179 2197 324 2270 Quintilii
362 2204 454 2272 atque
493 2199 583 2257 etiem
622 2199 720 2257 minus
753 2198 819 2273 pati
852 2197 991 2273 potuisse
1023 2198 1100 2256 talia
1133 2197 1280 2272 convicia,

178 2301 280 2374 qualia
319 2300 493 2360 memoratis
532 2301 683 2360 ominibus
722 2301 841 2360 adiecta
880 2307 960 2360 sunt.
1013 2300 1103 2373 Quod
1138 2300 1281 2374 quoniam
1350 2354 1372 2369 ,.

176 2402 385 2462 Romanorum
416 2422 502 2462 nemo
534 2404 699 2479 ignoravit,
735 2404 882 2479 sequitur,
914 2402 1115 2462 Octavianum
1149 2402 1281 2463 carmine

177 2505 328 2565 delectare
348 2511 383 2565 ut
403 2512 496 2582 poete
516 2506 660 2564 noluerit.

253 2609 300 2668 At
319 2609 358 2667 sd
379 2607 537 2668 Tiberium
559 2609 640 2667 omni
661 2613 796 2684 tempore
820 2608 908 2667 licuit
927 2608 1074 2667 scribere:

318 2721 391 2788 ,Ne
410 2721 506 2775 mirere
525 2737 626 2791 graves
644 2736 787 2790 rerumque
805 2720 997 2789 hominumque
1015 2721 1110 2773 ruinas

331 2808 423 2878 Saepe
442 2807 515 2861 domi
535 2807 617 2877 culpa
636 2811 692 2872 est;
712 2807 849 2861 nescimus
869 2805 980 2860 credere
998 2806 1108 2860 caelol“

256 2917 317 2977 Hic
353 2920 432 2978 enim
468 2919 629 2979 seditionis
667 2920 883 2996 opprimendae
920 2937 1010 2977 causa
1039 2920 1071 2977 in
1101 2919 1175 2978 fines
1206 2917 1281 2978 Ger·

178 3040 333 3081 manorum
364 3023 472 3080 missus
503 3023 655 3099 extemplo
687 3022 949 3099 animadverterat,
979 3030 1013 3082 ut
1043 3023 1088 3082 ait
1114 3022 1280 3082 Suetonius

178 3124 261 3197 (Tib.
283 3143 309 3184 c.
331 3125 378 3200 18)
401 3125 567 3184 Varianam
592 3125 708 3185 cladem
734 3126 903 3186 temeritate
929 3130 960 3186 et
980 3126 1175 3203 neglegentia
1195 3125 1280 3185 ducis

177 3226 333 3302 accidisse,
359 3228 489 3286 fortasse
509 3228 600 3286 etiam
620 3228 759 3286 consiliis
782 3228 943 3288 Octaviani
963 3229 1182 3306 praeposteris,
1204 3246 1280 3305 quae

179 3329 304 3388 Tacitus
326 3329 422 3405 (Ann.
443 3331 469 3406 I,
490 3331 539 3407 55)
561 3331 681 3390 videtur
702 3332 797 3391 fatum
817 3350 936 3407 vocare,
957 3333 1115 3392 adversam
1129 3332 1291 3408 fortunam⁵

178 3434 283 3509 aliqua
303 3453 341 3494 cx
360 3441 448 3511 parte
469 3435 617 3495 habuerat
639 3437 721 3511 qnod
741 3437 926 3514 adsignaret,
947 3438 1078 3512 indeque
1098 3437 1164 3513 ipse
1186 3436 1229 3494 sio
1249 3453 1281 3494 se

178 3543 322 3614 gesserat,
358 3545 392 3597 ut
423 3540 513 3598 etiam
544 3544 607 3599 tum
636 3539 780 3598 Inuicti
815 3539 994 3615 cognomine
1026 3539 1137 3614 dignus
1166 3536 1280 3613 esseni)

178 3639 286 3717 Neque
314 3659 386 3700 vero
413 3661 545 3717 unquam
565 3643 724 3701 honestius
744 3643 889 3702 memoria
908 3660 1029 3718 pugnae
1050 3642 1083 3700 in
1104 3643 1183 3701 saltu
1204 3643 1281 3702 Teu·

180 3745 362 3821 teburgensi
401 3747 576 3805 commissae
609 3747 741 3823 repetita
773 3751 820 3805 est
854 3763 942 3821 quam
976 3765 1002 3803 a.
1036 3746 1076 3806 U.
1109 3745 1180 3822 77⁰,
1220 3764 1280 3822 quo

178 3846 302 3909 ineunte
338 3848 456 3924 pacatis
494 3849 634 3908 omnibus
672 3847 877 3907 infestissimis
911 3848 1051 3908 hostibus
1084 3848 1280 3910 Germanicus

179 3949 290 4011 Caesar
319 3952 525 4028 triumphavit.
566 3953 615 4011 Ac
642 3958 706 4011 tum
732 3953 831 4029 ipsum
857 3957 1002 4027 quantum
1028 3953 1060 4030 ii,
1087 3953 1139 4028 qui
1160 3955 1280 4013 venturi

249 4167 270 4238 2)
289 4167 358 4222 Tac.
376 4168 451 4224 Ann.
469 4168 491 4239 I,
509 4169 551 4225 25.
569 4169 611 4222 43.
639 4167 660 4233 3)
678 4169 727 4224 cfr.
744 4169 782 4223 M.
801 4167 823 4238 1,
840 4168 900 4226 925.
917 4186 944 4242 p.
963 4170 1004 4225 23.
1034 4167 1109 4227 Suet.
1128 4169 1191 4226 Tib.
1203 4186 1227 4227 e.
1240 4173 1280 4227 17.
