2880 5182
601 753 812 814 ..69-

154 944 188 996 ut
212 939 339 996 alterum
366 937 404 994 ab
431 936 528 994 altere
555 935 698 995 divellam
723 942 753 995 ct
780 937 956 995 distraham.
999 937 1066 1010 Qua
1092 939 1123 995 in
1145 939 1257 997 renisi

153 1043 252 1118 fallor,
279 1041 444 1100 rectissime
471 1057 526 1097 nos
547 1046 669 1099 acturos
690 1041 842 1115 existima,
868 1041 894 1098 si
915 1040 1038 1100 iuvenes
1059 1039 1130 1098 illos
1151 1042 1257 1101 eodem

153 1146 214 1205 fere
235 1152 371 1221 tempore
393 1145 431 1203 ad
447 1162 532 1203 suum
548 1161 693 1219 quemque
708 1162 827 1203 carmen
842 1144 1081 1219 componendum
1095 1164 1256 1221 aggressos

151 1266 216 1308 esse
237 1254 412 1323 statuemus,
433 1265 487 1305 uec
507 1265 562 1323 per
579 1266 624 1306 me
646 1247 808 1319 nonlicet,
829 1247 861 1303 in
882 1264 947 1304 eam
966 1249 1146 1308 sententiam
1161 1249 1255 1309 disce·

150 1353 213 1423 das,
235 1370 323 1427 quam
337 1350 503 1409 Merkelius
518 1351 579 1408 alia
592 1351 711 1409 ratione
726 1349 769 1426 (p.
785 1351 834 1427 50)
853 1350 928 1408 male
942 1349 1088 1428 defendit,
1109 1355 1143 1412 ut
1155 1352 1255 1412 Mani-

150 1457 224 1514 lium
244 1455 328 1531 prius
350 1472 438 1529 quam
453 1452 625 1513 Gerrnanici
639 1453 756 1512 Aratea
777 1453 881 1512 edita
902 1460 1012 1529 essent,
1033 1454 1065 1511 in
1087 1457 1254 1516 scribendis

149 1558 372 1617 Ast1·onomicis
398 1558 530 1616 haesisse
551 1557 643 1615 dieas.
683 1555 790 1631 Neque
812 1558 900 1632 enim,
924 1563 1051 1634 excepto
1072 1559 1162 1618 huius
1184 1581 1254 1638 ope·

149 1664 190 1721 ris
211 1662 379 1739 prooemio,
400 1661 562 1719 Manilium
582 1661 671 1719 rideo
692 1678 747 1735 per
770 1646 900 1735 quotuor
921 1660 1017 1719 libros
1038 1661 1102 1719 ulla
1115 1681 1153 1721 ex
1166 1672 1253 1739 parte

151 1765 322 1825 Germanici
346 1783 450 1823 versus
472 1765 534 1822 suis
556 1764 806 1823 accommodasse.
846 1764 982 1822 Primum
1003 1765 1146 1824 caelestia
1167 1768 1255 1843 signa

148 1871 186 1927 alr
217 1887 252 1927 eo
284 1869 490 1945 disponuntur
521 1869 582 1926 alio
615 1867 722 1925 ordine
753 1874 844 1941 atquc
874 1883 961 1941 quem
985 1865 1076 1926 Arati
1103 1869 1252 1947 interpres

148 1974 207 2050 (vv.
233 1971 378 2048 24-725)
405 1975 520 2046 servat,
546 1970 655 2029 deinde
680 1971 759 2028 alius
780 1970 841 2029 alia
862 1970 979 2028 rationo
999 1971 1154 2047 posituras
1176 1975 1252 2034 side·

145 2096 211 2134 rum
236 2076 409 2134 adumbrat:
436 2094 529 2151 porro
557 2074 595 2134 ad
622 2094 657 2132 ea
683 2074 885 2150 nuncupanda
905 2073 995 2132 modo
1016 2073 1139 2133 Latinis
1159 2080 1249 2138 modo

146 2178 271 2239 Graecis
302 2177 474 2237 nominibus
505 2179 551 2235 usi
582 2184 690 2253 [aeetae
716 2177 861 2236 variando
893 2178 972 2237 iuter
1000 2195 1031 2236 se
1059 2178 1249 2257 differuntl);

144 2288 207 2342 turn
229 2282 325 2358 signis
346 2288 473 2356 uterque
495 2299 556 2340 nen
578 2299 694 2357 semper
715 2280 833 2340 casdem
853 2281 971 2339 fabulas
986 2281 1138 2357 attribuit,
1159 2289 1249 2360 atque

143 2386 175 2443 in
202 2386 311 2460 quibus
338 2386 416 2444 alter
442 2384 553 2443 multus
579 2387 634 2459 est,
659 2385 738 2442 alter
764 2403 813 2442 eas
840 2386 948 2444 leviter
973 2386 1155 2462 perstringit
1177 2404 1250 2462 quo-

142 2507 268 2564 rumque
289 2488 376 2547 fidem
398 2487 595 2548 Germanicus
616 2488 647 2544 in
668 2487 891 2548 dubitationem
911 2495 1010 2564 vocat,
1035 2506 1085 2547 eas
1108 2496 1250 2566 tanquam

142 2611 228 2651 veras
250 2593 373 2651 laudare
394 2593 514 2650 videtur
529 2591 718 2667 Maniliusfl),
739 2592 869 2667 denique
892 2592 1036 2667 quasdam
1058 2592 1107 2653 hic
1128 2604 1250 2654 enarrat

143 2697 195 2755 ille
217 2697 340 2755 silentio
363 2695 619 2772 praetermittit9).
657 2695 834 2768 Quaerere
856 2696 1028 2756 locutiones
1048 2698 1149 2774 poetis
1170 2717 1248 2758 ccm-

141 2818 245 2858 munes
270 2799 413 2858 momoria
440 2798 550 2873 dignae
575 2804 654 2873 sunt,
679 2798 733 2856 has
754 2799 792 2857 ab
814 2800 893 2877 aliis,
916 2802 967 2875 qui
989 2803 1091 2877 priore
1112 2806 1248 2879 tempere

141 2903 231 2962 Arati
265 2903 398 2962 earmina
434 2901 464 2958 in
494 2900 640 2960 Latinum
674 2907 889 2962 converterant
920 2905 969 2963 vel
1000 2906 1037 2964 dc
1068 2923 1122 2963 suo
1155 2924 1248 2983 opera

143 3008 346 3066 astronomica
366 3005 566 3080 confecerant,
588 3006 674 3063 ambo
697 3006 785 3065 simul
807 3008 962 3067 adsumere
983 3008 1159 3084 potuere¹⁰).

220 3111 327 3185 Quinti
348 3110 477 3184 donique
499 3108 572 3166 libri
590 3110 830 3169 Astrenomieon
850 3117 957 3170 auctor
977 3113 1135 3171 exordium
1156 3113 1247 3171 sumit

140 3232 158 3271 a
183 3214 240 3273 tali
267 3214 426 3289 sententia,
459 3212 557 3288 qualis
584 3214 623 3272 ad
647 3213 914 3290 redintegrandam
941 3213 1113 3275 Germanici
1138 3235 1245 3276 merno-

138 3318 213 3375 riam
235 3318 336 3376 nescio
358 3337 396 3376 an
418 3316 545 3375 maxime
567 3317 678 3375 idonea
700 3318 753 3377 sit:

292 3446 364 3512 „Hie
383 3447 471 3500 alius
490 3446 595 3501 finisset
613 3447 665 3500 iter
685 3446 822 3517 signisque
841 3448 937 3503 relatis

295 3533 361 3600 Quis
382 3533 498 3586 adversa
517 3536 610 3587 meant
628 3532 766 3587 stellarum
785 3535 896 3588 numina
913 3535 1040 3605 quinque,

296 3618 470 3688 Quadriiugis
489 3621 517 3671 et
534 3619 664 3673 Phoebus
684 3620 761 3689 equis
779 3623 808 3672 et
825 3620 907 3675 Delia
924 3621 1004 3690 bigis,

291 3703 355 3758 Nou
373 3704 446 3758 ultra
464 3704 609 3758 struxisset
628 3721 696 3775 opus
716 3705 850 3775 caeloque
868 3705 971 3759 rediret

290 3792 336 3844 Ac
353 3808 402 3860 per
419 3791 582 3844 descensum
602 3792 707 3845 medios
724 3796 896 3861 percurreret
913 3793 991 3861 ignes

294 3876 413 3944 Saturni,
431 3877 509 3949 Josds
528 3880 556 3930 et
574 3878 672 3931 Martis
691 3876 818 3948 Solisque
836 3879 887 3932 sub
905 3879 958 3933 illis

290 3963 362 4018 Post
380 3962 518 4017 Venerem
537 3966 565 4016 et
582 3963 659 4018 Maia
677 3969 773 4019 natum
791 3968 829 4033 te,
847 3964 937 4031 Luna,
954 3970 1128 4037 vagantem.“

203 4221 224 4285 l)
250 4223 330 4277 Arat.
347 4222 389 4287 25,
413 4223 471 4289 207,
492 4222 551 4286 203,
568 4223 627 4287 270,
645 4225 704 4285 226,
723 4224 780 4288 335,
799 4224 857 4291 367,
876 4225 935 4292 394,
954 4225 1013 4293 426,
1032 4224 1090 4279 003.
1126 4225 1241 4279 Astron.

136 4309 158 4374 Ι,
183 4310 240 4373 275,
265 4310 324 4375 348,
346 4310 397 4362 323
422 4308 470 4375 (V,
492 4309 560 4376 510),
584 4313 642 4375 271,
665 4313 723 4375 300,
742 4313 801 4377 440,
818 4313 876 4377 421,
895 4312 955 4378 415,
972 4313 1031 4366 272.
1083 4309 1104 4378 8)
1122 4310 1201 4364 Astr.
1219 4310 1241 4365 Ι.

136 4397 272 4449 337-340
287 4415 316 4442 :
331 4396 411 4449 Aret.
429 4396 488 4449 270.
524 4397 603 4450 Astr.
621 4396 643 4461 Ι,
661 4398 712 4450 403
728 4416 757 4445 =
771 4398 852 4451 Aret.
871 4398 1016 4452 ses-355.
1061 4395 1082 4462 ⁹)
1101 4397 1181 4450 Aret.
1199 4398 1241 4463 31,

133 4482 176 4547 72,
202 4483 345 4549 103-146,
373 4483 514 4549 157-164,
536 4483 682 4537 315-320.
717 4483 793 4537 Astr.
811 4483 834 4549 I,
857 4485 916 4550 323,
928 4485 993 4551 421.
1049 4482 1079 4550 101
1098 4482 1179 4538 Aret.
1198 4485 1241 4538 67.

134 4567 211 4622 Astr.
228 4567 251 4633 1,
270 4569 320 4622 315
334 4590 366 4614 =
380 4566 437 4622 (lic.
456 4566 491 4621 de
510 4572 566 4623 nat.
586 4567 667 4623 deor?
677 4566 715 4635 11,
732 4571 774 4636 43,
794 4569 851 4622 100.
