2880 5182
616 766 828 828 ..31-

166 953 221 1014 lati
243 953 330 1029 quasi
351 952 468 1028 digitos
489 953 662 1028 observant,
683 951 722 1011 ad
742 949 891 1028 gerendas
905 967 953 1009 res
967 949 1114 1026 valerent,
1134 951 1267 1027 probare

164 1063 245 1116 certe
265 1055 472 1115 mathematici
492 1060 630 1131 potuere.

243 1157 345 1232 Quid?
386 1159 467 1235 quod
507 1159 633 1216 eundem
672 1175 783 1215 annum
816 1157 994 1216 denotatum
1027 1158 1195 1216 invenimus
1229 1157 1269 1215 iis

163 1263 288 1328 Manilii
309 1263 421 1338 verbis,
444 1280 520 1337 quoe
540 1262 639 1338 prima
658 1261 690 1318 in
710 1260 769 1319 hoc
789 1262 888 1337 capite
909 1263 981 1320 meis
1003 1263 1148 1337 apposui:

337 1381 426 1450 „Quin
445 1385 474 1435 et
490 1381 564 1434 bella
583 1383 685 1435 canunt
703 1382 780 1451 ignes
798 1383 958 1452 subitosque
976 1381 1107 1436 tumultus

337 1469 375 1522 Et
393 1467 569 1523 clandestinis
588 1469 729 1537 surgentia
746 1467 887 1522 fraudibus
906 1483 982 1521 arma

338 1555 477 1609 Externas
497 1554 579 1608 modo
597 1571 647 1624 per
665 1557 761 1622 gentes
781 1596 787 1608 .
806 1555 830 1609 .“

169 1676 246 1736 Inde
265 1676 354 1751 enim,
374 1677 466 1735 etiam
487 1676 513 1734 si
535 1676 602 1750 quis
623 1675 727 1733 modo
748 1675 917 1751 particulae
938 1676 1073 1751 eandem,
1096 1692 1171 1749 quae
1192 1677 1268 1736 alias

172 1797 265 1838 nunc
291 1780 427 1855 voculae,
456 1780 515 1837 vim
540 1796 605 1836 esse
633 1779 672 1837 ob
699 1779 812 1837 etiam
836 1780 1017 1855 particulam
1043 1798 1071 1838 v.
1092 1782 1147 1841 906
1170 1783 1270 1841 subse·

170 1886 310 1959 quentem
339 1884 507 1960 negaverit,
538 1889 584 1942 est
610 1888 710 1941 tamen
737 1882 959 1941 observandum
987 1883 1025 1940 ad
1051 1885 1172 1942 modum
1199 1904 1269 1944 con·

170 1988 293 2063 spirare.
312 1993 435 2063 poetam
459 2005 526 2046 cnm
550 1987 737 2060 historicos),
765 1986 816 2061 qui
843 1992 948 2044 narrat
968 1987 1072 2044 nobis:
1100 2007 1126 2047 a.
1153 1988 1192 2047 U.
1215 1993 1271 2050 770

169 2091 307 2149 turbatas
328 2107 393 2148 esse
415 2090 586 2166 complures
606 2090 748 2148 nationes
764 2088 900 2147 Orientis
922 2098 952 2148 et
973 2090 1085 2149 bellum
1106 2097 1220 2150 motum
1238 2094 1269 2151 in

168 2193 276 2252 Africa
306 2211 341 2252 ac
371 2199 527 2269 susceptas
558 2193 589 2249 in
621 2210 652 2250 se
682 2191 803 2250 fraudes
834 2210 852 2249 a
885 2191 1015 2252 ducibus
1043 2191 1270 2255 Germanorum.

167 2296 275 2372 Neque
297 2296 342 2356 ita
362 2297 458 2356 multo
479 2302 561 2370 ante,
582 2299 617 2355 ut
637 2293 783 2370 scriptum
804 2298 850 2354 est
870 2314 897 2353 v.
919 2297 987 2370 906,
1008 2296 1157 2371 „civilis
1179 2299 1270 2358 etiam

167 2405 268 2458 motus
294 2406 485 2475 cognataque
516 2398 598 2458 bella
623 2397 808 2474 significari“
833 2403 1001 2473 potuerunt
1026 2400 1150 2476 ignibus
1176 2401 1272 2460 caele·

170 2503 278 2578 stibus,
298 2503 478 2562 Inciderunt
498 2502 577 2562 enim
599 2502 631 2559 in
651 2520 761 2560 annum
783 2504 838 2561 769
860 2507 891 2561 et
912 2502 1009 2560 scelus
1030 2502 1162 2562 Libonis
1176 2502 1270 2561 Drusi

169 2624 218 2665 res
251 2624 345 2665 novas
376 2607 530 2667 molientis
561 2611 592 2666 et
623 2606 754 2665 consilia
782 2604 947 2665 Clementis
978 2607 1057 2664 servi
1088 2607 1271 2682 „discordiis

169 2710 320 2785 armisque
356 2709 497 2768 civilibus
533 2710 749 2787 rempublicam
782 2710 968 2785 percellere“
1001 2711 1155 2787 conantis,
1192 2711 1271 2769 uude

169 2811 307 2872 immanis
333 2831 396 2872 non
419 2816 482 2873 tem
503 2813 627 2873 'liberio
656 2831 744 2890 quam
770 2813 888 2871 civibus
913 2816 1013 2872 terror
1040 2813 1170 2873 iniectus
1191 2813 1271 2889 esti)

173 2915 291 2989 Quibus
324 2917 415 2976 rebus
447 2934 523 2992 quae
549 2916 631 2976 fuere
657 2920 722 2976 turn
747 2915 922 2992 graviores?
962 2917 1014 2974 Ad
1041 2933 1116 2991 qnos
1141 2916 1272 2975 refertur

172 3018 358 3079 commodius
378 3038 483 3079 versus
504 3020 529 3094 Ι,
551 3022 621 3080 922:

325 3123 398 3193 „Sed
416 3124 485 3179 satis
501 3125 556 3177 hoc
573 3123 638 3178 fetis
656 3123 744 3192 fuerit,
762 3124 817 3178 iam
836 3123 909 3177 bella
928 3124 1107 3193 quiescant‘i

248 3235 354 3310 Atque
368 3235 460 3294 etiam
474 3252 669 3310 quaecunque
685 3236 711 3313 1,
725 3238 858 3297 893-95
874 3236 1083 3312 significantur
1093 3234 1141 3292 his
1156 3234 1272 3294 verbis:

293 3354 445 3423 „Funera
463 3371 524 3410 cum
543 3355 649 3410 facibus
667 3357 811 3410 veniunt
827 3357 961 3426 terrisque
979 3357 1118 3411 minantur

292 3441 426 3495 Ardentis
445 3443 503 3496 sine
522 3442 574 3497 fine
592 3459 682 3513 rogos,
702 3459 763 3497 cum
781 3442 897 3497 mundus
916 3443 1024 3513 etipsa

290 3527 428 3598 Aegrotet
446 3532 572 3583 natura
590 3546 682 3584 suum
701 3531 831 3584 sortita
849 3529 1061 3599 sepulcrom“

173 3635 359 3715 ecciderunt,
379 3643 503 3698 auctore
524 3640 643 3716 Tacito,
665 3640 770 3699 eodem
789 3644 934 3717 tempore.
975 3639 1069 3698 Nam:
1095 3639 1274 3715 „duodecim

171 3741 314 3818 celebres,
344 3743 447 3818 inquit
475 3744 538 3820 ille,
567 3744 662 3803 Asiae
693 3745 782 3803 urbes
808 3745 972 3819 conlapsae
998 3746 1149 3802 nocturno
1176 3748 1274 3802 motu

172 3848 286 3903 terrae:
308 3861 368 3919 quo
383 3845 581 3922 improvisior
594 3848 778 3924 graviorque
792 3846 914 3923 pestis
928 3843 1016 3921 fuiti)
1037 3863 1134 3921 neque
1150 3845 1274 3905 solitum

173 3943 205 4003 in
237 3947 293 4006 tali
328 3965 399 4007 casn
433 3948 575 4025 effugium
609 3951 809 4009 subveniebat
843 3949 874 4006 in
908 3952 1015 4025 aperta
1047 3948 1274 4026 prorumpendi,

173 4048 245 4124 quia
260 4049 392 4110 diductis
407 4051 498 4111 terris
512 4052 730 4111 hauriebantur
744 4051 910 4126 „effulsisse
925 4051 1005 4110 inter
1019 4053 1137 4111 ruinam
1151 4052 1274 4128 ignis‘

171 4156 346 4213 memorant.
386 4153 565 4231 Asperrima
586 4154 618 4213 in
640 4153 807 4215 Sardianos
828 4154 894 4213 lues
914 4153 1078 4229 plurimum
1098 4155 1131 4213 in
1152 4153 1274 4216 eosdem

172 4255 397 4316 misericordiae
424 4257 538 4316 traxit“
560 4257 692 4334 (scilicet
712 4256 852 4333 inprimis
874 4255 1014 4331 Tiberii).
1057 4256 1175 4330 Quibus
1199 4276 1273 4316 nun-

237 4489 260 4558 ⁴)
283 4489 351 4547 Tac.
368 4490 443 4546 Anu.
461 4490 499 4559 11,
526 4491 599 4546 1-0
622 4492 665 4546 42.
708 4487 730 4560 ⁵)
750 4489 816 4544 ibid.
842 4504 865 4544 c.
884 4490 925 4545 27.
944 4490 985 4545 32.
1004 4490 1046 4544 99.
1086 4486 1173 4555 tlon.
1192 4487 1269 4544 Suet.

173 4575 236 4633 Tib.
255 4591 278 4635 o.
295 4577 338 4637 48.
357 4578 387 4633 et
403 4576 480 4631 Man.
497 4575 519 4644 1,
538 4576 597 4632 880.
614 4576 675 4632 884.
