2880 5182
614 375 823 434 ..42-

167 558 254 618 01010
278 559 478 622 dissimulatis
503 562 681 639 plerumque
707 559 817 637 pretiis
837 559 1078 636 occultabantur,
1102 560 1218 620 uentris
1240 565 1273 620 et

167 681 280 738 ganeae
300 670 425 740 paratus
446 664 577 722 assiduis
599 663 787 723 sermonibus
808 663 926 740 vulgati
947 664 1062 721 erant.“
1095 664 1219 738 Iamque
1240 683 1268 722 a.

167 769 223 825 770
244 766 386 826 'liberius
401 767 534 826 Drusum
554 766 648 826 filium
669 768 700 825 in
715 766 870 842 Illyricum
889 767 982 841 misit,
1003 772 1037 824 ut
1057 765 1175 824 iuvenis
1194 767 1270 824 luxu

167 870 283 928 urbano
313 870 473 929 lasciviens
500 870 531 928 in
557 871 666 929 castris
691 870 798 928 melius
824 869 986 928 haberetur
1012 875 1042 928 et
1067 869 1193 928 militiae
1218 869 1271 928 ad·

167 979 325 1031 suesceret.
372 972 430 1032 001
459 991 556 1049 prope
585 972 707 1031 modum
735 972 822 1046 quasi
847 989 885 1029 ex
911 989 962 1029 ore
987 976 1124 1047 ereptum
1148 971 1281 1031 videturv

166 1074 368 1134 Manilianum
388 1074 464 1134 illud
479 1075 556 1152 (IV,
575 1075 660 1151 404):

474 1177 631 1244 „Luxuriae
650 1192 757 1246 quoque
775 1177 872 1230 militia
890 1177 959 1231 est“.

167 1279 278 1353 Qualia
297 1281 474 1357 posteritati
495 1282 638 1355 quoniam
658 1281 781 1356 prodita
803 1286 882 1356 sunt,
903 1280 1075 1339 audacioris
1096 1281 1189 1340 animi
1207 1299 1271 1340 non

165 1382 306 1452 existimo
328 1401 392 1443 esse
413 1403 450 1443 ex
469 1385 517 1443 his
538 1385 709 1443 coniectare
730 1385 768 1442 de
787 1388 934 1461 tempore,
961 1401 1020 1458 quo
1042 1384 1267 1444 Astronomicis

165 1486 234 1544 finis
254 1487 316 1546 fere
337 1488 497 1563 impositus
512 1488 562 1563 sit,
582 1493 674 1561 atque
689 1491 821 1546 statuere
835 1488 945 1546 librum
959 1487 1006 1545 IV
1020 1492 1092 1564 post
1106 1506 1132 1546 a.
1147 1487 1185 1546 U.
1202 1490 1268 1563 769,
1356 1506 1359 1512 ·

60 1598 62 1609 ⁴
165 1586 196 1645 V
216 1595 286 1648 ante
307 1599 333 1648 a.
356 1593 412 1650 780
432 1609 497 1650 0000
517 1591 695 1651 confectum.

244 1693 334 1767 Quod
358 1698 393 1754 ut
420 1696 563 1772 suspicer,
588 1696 669 1754 haud
690 1696 787 1754 minus
808 1676 999 1755 commoveor
1019 1713 1055 1754 eo
1076 1696 1155 1770 1000,
1182 1712 1271 1769 quem

165 1804 350 1874 postremum
376 1799 511 1859 Jaccbus
539 1801 571 1856 in
597 1798 805 1874 quaestionem
831 1819 892 1857 non
920 1801 984 1858 sine
1011 1785 1269 1859 fructu'vccavit.

165 1902 352 1978 Reperiebat
375 1904 454 1961 enim
480 1903 505 1960 is
531 1902 602 1961 inde
627 1921 645 1960 a
669 1902 708 1977 V,
735 1905 799 1977 510,
825 1921 891 1961 oum
915 1903 954 1960 de
974 1903 1122 1979 partubus
1145 1901 1266 1960 (lassio-

164 2006 251 2082 peiae
272 1993 403 2082 legebat,
423 2025 485 2065 non
505 2008 536 2064 iu
558 2007 651 2081 101110,
674 2007 783 2081 quibus
797 2006 956 2065 Bentleius
971 2005 1190 2085 Astronomica
1203 2008 1270 2064 arte

166 2111 272 2170 critica
292 2111 442 2186 castigata
461 2111 627 2184 mandavit,
651 2110 703 2168 sed
724 2110 756 2168 in
777 2110 921 2186 exemplis
943 2128 1031 2169 manu
1052 2108 1175 2185 scriptis
1196 2108 1271 2167 haec

165 2213 275 2272 verba:

268 2318 327 2371 510.
354 2316 445 2384 „Hine
462 2315 593 2384 Augusta
610 2315 700 2368 nitent
717 2316 835 2370 sacratis
852 2331 965 2370 munera
982 2315 1096 2385 templis

267 2405 326 2458 511.
352 2403 390 2456 nt
408 2402 599 2456 Mithridateos
617 2401 708 2455 vultus
725 2401 823 2456 induta
840 2405 966 2475 tropaea,

267 2491 327 2544 512.
355 2489 451 2543 Aurea
468 2489 607 2544 Phoebeis
626 2488 762 2541 certantia
778 2487 882 2542 lumina
899 2487 1026 2555 flammis,

268 2576 326 2629 513.
354 2573 584 2645 Gemmarumque
602 2574 689 2640 iubar,
708 2574 848 2628 radiantes
869 2574 976 2628 lucibus
994 2575 1080 2642 ignes.

268 2663 327 2716 514.
353 2661 427 2715 Hino
444 2661 577 2732 Pompeia
595 2664 707 2715 manent
727 2661 827 2715 veteris
845 2662 1022 2714 monumenta
1039 2659 1169 2731 triumphi

267 2748 327 2800 515.
353 2747 391 2800 Et
408 2747 480 2818 quod
500 2753 560 2802 erat
576 2765 699 2818 regnum,
716 2747 831 2817 pelagus
850 2746 909 2811 fuit,
927 2761 982 2798 una
1000 2746 1132 2799 malorum

268 2835 327 2888 516.
354 2832 418 2888 Non
437 2835 576 2889 exstincta
593 2834 651 2889 lues
670 2849 831 2903 semperque
849 2832 972 2885 recentia
990 2831 1134 2886 flammis.“

167 2938 303 3011 Quorum
327 2956 467 2997 versuum
486 2944 686 3014 posteaquam
706 2937 842 2996 ordinem
862 2953 880 2993 a
900 2935 1036 2994 librariis
1056 2936 1145 2994 valde
1166 2935 1272 3012 depra

165 3044 269 3100 vatum
294 3043 338 3100 ite
363 3041 543 3116 emendavit,
568 3047 603 3098 ut
629 3061 654 3098 v.
683 3044 738 3100 511
760 3047 832 3118 post
850 3059 878 3098 v.
900 3042 956 3100 516
977 3044 1007 3098 et
1027 3058 1054 3096 v.
1076 3041 1132 3098 515
1152 3045 1224 3114 post
1243 3057 1271 3096 v.

167 3147 223 3205 543
248 3144 422 3218 collocaret,
447 3146 551 3221 posito
577 3163 634 3222 pro
662 3145 765 3220 „lues“
791 3145 918 3221 „acie“
939 3142 1100 3217 vocabulo,
1124 3142 1205 3200 haud
1226 3142 1271 3199 in-

167 3252 245 3325 epte,
266 3254 301 3307 01
320 3248 396 3306 01100
418 3266 517 3325 saepe,
538 3249 575 3308 de
588 3266 632 3307 vs.
647 3251 712 3324 514,
734 3251 789 3309 516
803 3246 981 3329 (110001011ῑὸ1
997 3248 1029 3304 10
1042 3246 1122 3304 hunc
1135 3244 1270 3304 modum:

167 3351 335 3429 „Pompeia
357 3358 561 3426 monumenta,
583 3370 658 3427 quae
680 3370 797 3428 semper
817 3351 950 3410 recentia
963 3349 1101 3408 'flammis
1121 3347 1273 3421 dicuntur,

165 3455 203 3512 de
228 3456 349 3514 theatro
374 3454 523 3530 Pompeio
549 3455 745 3530 interpretor,
772 3453 853 3528 qnod
879 3454 949 3529 igne
976 3452 1105 3510 fortuito
1131 3451 1274 3509 haustum

167 3577 198 3618 se
223 3565 446 3618 exstructurum
467 3558 608 3617 Tiberius
634 3558 792 3634 pollicitus
820 3563 874 3629 est,
902 3557 983 3631 quod
1010 3574 1096 3617 nemo
1118 3574 1134 3614 e
1156 3554 1271 3614 familia

166 3662 366 3724 restaurando
393 3661 552 3736 sufficeret,
579 3667 717 3720 manente
742 3669 841 3719 tamen
861 3659 991 3735 Pompei
1017 3660 1147 3732 nomine,
1173 3660 1208 3716 ut
1227 3658 1272 3717 ait

167 3764 292 3824 Tacitus
317 3764 413 3842 (Anu.
438 3764 499 3838 ΙΙΙ,
524 3766 585 3841 72).
625 3764 704 3824 Nam
731 3764 813 3838 quod
839 3763 870 3822 id
897 3780 973 3839 opus
996 3762 1137 3821 Tiberius
1165 3763 1272 3838 imper-

167 3868 276 3928 fectum
300 3867 435 3944 reliquit,
463 3868 541 3927 nihil
566 3871 689 3943 poetam
710 3866 855 3943 impedire
876 3866 988 3941 potuit,
1015 3866 1174 3940 quominus
1195 3866 1273 3924 hanc

166 3971 199 4029 in
219 3989 285 4032 eum
306 3972 425 4031 laudem
445 3978 604 4049 poetarum
624 3988 706 4030 more
728 3970 901 4029 conferret·
918 3969 1046 4028 Factum
1066 3969 1097 4028 id
1112 3972 1212 4029 autem
1225 3973 1272 4029 est

234 4187 266 4252 ¹⁸)
283 4187 374 4242 Praei.
392 4203 419 4258 p.
440 4187 472 4240 16
490 4189 519 4238 et
538 4183 581 4237 ed.
599 4199 625 4253 p.
647 4185 704 4240 187.
