2880 5182
170 972 257 1038 nego.
290 959 358 1034 Quo
373 959 520 1018 mehercle
535 956 731 1031 commodine,
746 953 903 1015 deficiente
918 956 1059 1015 carminis
1074 956 1183 1032 indice,
1198 957 1276 1016 nihil

169 1064 295 1124 inscribi
315 1063 428 1139 potuit.
469 1043 593 1121 Etenim
615 1060 758 1135 quoniam
778 1077 880 1117 omnes
901 1060 964 1120 fere
984 1060 1128 1120 didactici
1149 1058 1275 1119 Graecis

169 1169 269 1228 verbis
284 1167 417 1226 carmina
432 1165 662 1241 inscripserunt,
685 1164 769 1222 velut
783 1163 938 1238 Bucolica,
960 1161 1121 1240 Georgica,
1141 1162 1275 1240 Cynege·

167 1272 238 1345 tica,
260 1271 285 1329 si
308 1269 376 1344 quis
399 1268 520 1326 omnino
539 1267 663 1327 titulum
677 1268 851 1342 quaerebat,
871 1267 952 1325 hunc
966 1267 1003 1325 ad
1019 1267 1165 1343 optimum
1180 1285 1275 1326 exem-

167 1375 251 1451 plum
272 1373 462 1432 conformare
483 1372 511 1430 ei
530 1371 627 1430 licuit.
649 1404 684 1412 -
707 1368 759 1428 Sic
773 1368 954 1444 conquisitis
969 1370 1103 1444 undique
1116 1370 1274 1429 vocabulis

169 1475 329 1550 inscriptio
356 1475 389 1531 in
413 1491 473 1532 nno
502 1473 639 1550 exemplo
662 1472 751 1530 semel
773 1471 855 1530 iacta
875 1472 955 1548 inde,
982 1478 1017 1531 ut
1041 1479 1127 1549 pute,
1149 1474 1180 1531 ln
1201 1492 1274 1549 apo-

168 1579 286 1656 grapha
307 1577 367 1636 alia
387 1578 508 1651 integra
528 1575 590 1634 alia
609 1576 707 1634 libero
728 1565 925 1634 librariorum
938 1577 1067 1636 arbitrio
1082 1578 1202 1635 variata
1216 1579 1275 1636 iam

171 1683 267 1741 multo
283 1687 352 1740 ante
366 1679 555 1754 Gerbertum,
571 1681 623 1755 qui
637 1679 778 1756 pontifex
791 1681 936 1739 maximus
950 1680 1097 1739 Silvester
1108 1680 1149 1738 ΙΙ.
1161 1699 1274 1757 eogno-

170 1787 300 1844 minatus
321 1803 347 1842 a.
371 1787 444 1845 1003
465 1783 554 1859 obiit,
579 1784 729 1842 translata
750 1783 817 1841 fuit.
1269 1774 1271 1779 ’

248 1887 332 1960 erae
364 1892 473 1945 cuncta
499 1893 533 1943 ut
558 1885 664 1960 paucis
692 1886 958 1962 eomprehendam,
991 1888 1183 1948 statuendum
1208 1905 1273 1946 esse

170 1991 309 2055 existimo
330 1991 460 2067 primum
480 1988 720 2048 Astronomicon
742 1990 838 2047 libros
859 1990 964 2064 aliquo
986 2008 1056 2049 casu
1073 1990 1274 2066 inscriptione

169 2094 268 2153 deleta
290 2095 322 2151 in
340 2097 652 2168 manus‘posterornm
667 2092 851 2167 pervenisse,
871 2092 980 2151 deinde
995 2093 1073 2152 alios
1087 2094 1274 2170 archetypon

168 2199 200 2255 in
221 2215 276 2256 sua
296 2196 481 2272 exemplaria
502 2195 567 2253 sine
589 2195 653 2254 ullo
667 2196 770 2271 titulo,
793 2202 826 2253 ut
841 2199 914 2270 erat,
934 2197 1173 2273 transcripsisse,
1195 2197 1273 2255 alios

167 2301 317 2359 defectum
343 2299 543 2358 resarcientes
567 2299 656 2358 Arati
678 2317 787 2357 nomen
809 2317 915 2374 parum
935 2299 1078 2376 diligenti
1099 2299 1275 2359 coniectura

168 2406 322 2462 inventum
349 2402 431 2461 ultro
453 2402 617 2477 addidisse,
643 2402 722 2461 alios
753 2403 857 2461 eadem
877 2402 936 2475 via,
962 2403 1074 2461 maiore
1101 2408 1200 2460 autern
1222 2403 1274 2460 do·

169 2508 267 2566 ctrina
281 2524 399 2566 carmen
416 2507 537 2565 nomine
552 2505 682 2582 primum
699 2503 871 2580 Octaviani,
892 2509 966 2580 post
978 2505 1102 2564 Manilii
1117 2506 1275 2564 orbavisse

167 2611 272 2669 Plinio
302 2615 436 2669 auctore.
457 2641 495 2653 -
516 2609 587 2668 Hor
608 2609 730 2684 quidem
751 2609 881 2667 rationis
902 2609 1028 2684 auxilio,
1051 2609 1222 2684 quicunque
1243 2610 1275 2668 in

167 2719 215 2774 tot
242 2713 477 2790 inscriptionum
504 2713 731 2772 discriminibus
758 2686 930 2788 haeserunt,
958 2712 1028 2771 inde
1055 2712 1183 2771 celerius
1210 2714 1275 2789 opl-

168 2818 258 2876 nione
295 2818 508 2894 expediuntur.
554 2815 660 2875 Simile
700 2815 844 2890 quiddam
883 2817 942 2874 iom
975 2816 1093 2891 placuit
1123 2817 1275 2892 Bentlei0,

170 2922 282 2997 quippe
305 2921 356 2996 qui
377 2921 527 2979 iudicasse
549 2920 682 2978 dicatur:
704 2918 793 2994 „Sibi
816 2919 943 2994 quisque
965 2919 1003 2977 ad
1023 2919 1144 2978 libitum
1165 2928 1275 2996 poetae

171 3042 322 3100 anonymo
344 3023 483 3083 affinxit“
504 3041 539 3081 ac
559 3023 747 3082 subsensisse
763 3023 887 3081 Manilii
910 3041 1018 3082 nomen
1032 3023 1222 3100 desumptum
1237 3043 1275 3084 ex

170 3126 283 3184 Plinio.
315 3125 421 3201 Neque
436 3143 510 3185 vero
526 3126 619 3184 ullam
634 3125 843 3184 animadverto
866 3126 1026 3201 rationem,
1048 3144 1124 3200 quae
1140 3127 1276 3203 coegerit

170 3249 315 3290 summum
341 3231 437 3290 virum
468 3237 499 3289 et
525 3236 635 3307 poetae
662 3229 778 3289 nomini
804 3229 890 3288 fidem
916 3229 1066 3305 denegare
1093 3237 1124 3289 ot
1149 3230 1274 3305 reliquis

168 3335 252 3394 tituli
289 3335 390 3393 vorbis
421 3335 541 3393 habere.
594 3333 694 3407 Quare
726 3333 866 3408 equidem
895 3333 968 3392 mihi
998 3334 1181 3410 persuadere
1212 3352 1274 3393 non

169 3438 257 3513 potui
282 3437 366 3497 illius
394 3439 576 3497 sententiam
600 3443 680 3497 reete
707 3437 890 3513 explicatam
917 3454 983 3495 esse
1008 3455 1026 3495 a
1051 3441 1177 3514 nepote,
1208 3456 1275 3498 cum

168 3543 267 3600 totum
287 3540 410 3600 titulum
430 3558 467 3599 ne
488 3540 574 3600 flocci
596 3541 716 3616 quidem
737 3558 802 3600 esse
823 3547 958 3617 negaret.

247 3643 315 3717 Quo
347 3661 490 3703 concesso
522 3645 646 3719 siquis
678 3645 797 3704 ratione
828 3651 859 3704 et
890 3644 1019 3703 consilio
1046 3651 1126 3720 aget,
1156 3645 1276 3705 desinet

169 3747 251 3823 apud
271 3747 349 3805 alios
371 3747 535 3824 scriptores
556 3765 623 3806 eum
636 3748 798 3806 Manilium
820 3749 1038 3825 pervestigare,
1060 3766 1151 3824 aquo
1166 3750 1275 3808 Astro-

169 3851 287 3910 uomica
308 3852 480 3928 composita
501 3869 566 3911 esse
589 3851 754 3927 credamus,
783 3852 851 3910 sive
867 3852 947 3910 inter
968 3853 1049 3926 ecel)
1070 3852 1194 3927 versari,
1223 3853 1274 3927 qui

169 3954 318 4013 Manlium
343 3955 532 4031 paulopost
559 3955 672 4014 bellum
692 3955 843 4027 Punicum
867 3954 918 4013 III
938 3953 1054 4013 Romae
1076 3956 1275 4030 astrologiam

168 4056 347 4115 condentem
367 4064 510 4130 tanquam
534 4075 682 4133 proavum
708 4058 792 4116 illius
813 4065 883 4117 ente
905 4057 1011 4116 oculos
1032 4063 1159 4133 ponant.
1192 4058 1273 4131 Quo·

167 4178 235 4218 nam
261 4160 340 4217 enim
366 4160 487 4218 nomine
513 4166 621 4219 auctor
646 4165 773 4220 vocatus
802 4162 851 4237 sit,
877 4161 969 4236 plane
990 4160 1174 4236 ignoramus.
1216 4160 1274 4219 Ta·

166 4281 233 4321 men
261 4262 342 4336 quod
369 4263 429 4321 iam
455 4264 483 4322 ei
504 4264 636 4324 Manilio
664 4283 774 4324 nomen
796 4265 900 4324 indere
921 4281 1055 4340 pergam,
1080 4263 1138 4322 hoc
1158 4262 1272 4322 idcirco

165 4369 284 4424 tantum
310 4364 427 4441 faciam,
454 4372 488 4425 ut
515 4368 587 4442 quid
616 4368 656 4427 sit
676 4386 742 4427 mea
766 4368 804 4428 de
826 4373 919 4445 poeta
940 4384 1089 4442 anonymo
1112 4366 1272 4441 sententia,

234 4578 256 4649 9)
274 4580 362 4637 Mark.
380 4578 452 4638 Prol.
469 4598 496 4651 p.
515 4583 574 4638 401.
