2880 5182
616 368 826 429 „50-

166 565 198 607 re
219 566 256 606 ne
275 549 333 607 hoc
355 548 475 623 quidem
496 567 552 608 nos
572 551 664 610 habet
685 551 879 629 admirantes,
905 551 985 627 quod
1005 555 1107 627 poeta,
1128 569 1194 609 cum
1215 568 1270 608 no-

165 652 276 711 minum
298 653 418 726 quidem
438 658 631 712 externorum
651 672 688 696 -‘—
714 656 742 713 si
763 655 852 715 modo
874 656 993 715 librarii
1014 661 1095 714 recte
1116 654 1270 713 tradidere

165 787 202 798 -
228 761 370 814 externas
390 757 501 817 formas
523 759 643 834 saepius
664 778 778 837 ponere
799 779 860 819 non
882 761 1011 835 dubitet,
1038 759 1119 834 quod
1141 764 1271 835 apparet

165 877 202 916 ex
222 859 247 934 I,
268 861 334 933 268,
355 863 419 934 774,
441 860 497 937 IV,
519 865 583 937 764,
604 866 670 939 801,
690 867 757 937 804,
776 863 815 922 ad
837 863 1051 939 significandas
1072 871 1172 922 tamen
1193 861 1270 920 artis

165 963 368 1038 astrologicae
389 963 530 1024 notiones
551 967 644 1025 verbu
665 965 821 1025 aGraecis
843 966 881 1024 ad
901 967 960 1025 hoc
980 967 1104 1026 inventa
1121 984 1270 1042 usurpare

165 1073 293 1125 veretur.
335 1066 424 1125 Hanc
450 1069 530 1127 enim
557 1071 655 1145 ipsam
675 1070 898 1130 dubitationem
918 1071 1042 1129 allatam
1062 1071 1196 1129 voluisse
1217 1069 1270 1127 Ti·

164 1169 280 1228 berium
306 1171 364 1228 iam
391 1172 587 1247 cognovimus
614 1172 808 1232 eSuetonio.
849 1171 929 1231 Nam
956 1173 1029 1248 quid
1055 1173 1195 1248 pluribus
1221 1171 1270 1231 rel
1330 1215 1336 1224 .

67 1333 69 1336 .
164 1289 219 1347 per
238 1273 383 1331 ambitum
404 1275 564 1334 verborum
585 1277 746 1335 enunciare
767 1277 870 1353 potuit
890 1277 942 1335 ille
964 1276 1024 1334 nisi
1045 1294 1095 1334 eas
1115 1293 1173 1349 res,
1195 1292 1270 1349 quas

166 1375 218 1448 qui
245 1376 335 1450 primi
360 1376 440 1437 inter
462 1374 595 1437 Graecos
620 1380 794 1438 tractabant
819 1379 1010 1455 paucissimis
1037 1379 1122 1437 sonis
1142 1378 1269 1436 deuota·

164 1479 291 1539 verant?
322 1480 382 1539 Vel
401 1480 458 1539 hac
478 1481 574 1557 igitur
593 1487 681 1558 parte
701 1482 848 1541 Manilius
870 1483 1054 1542 satisfecisse
1075 1480 1196 1540 ridetur
1216 1498 1269 1538 ro·

164 1582 277 1641 luntati
299 1582 426 1642 Tiberii.

242 1686 286 1745 Et
306 1688 449 1762 quoniam
469 1704 564 1762 usque
585 1704 703 1762 quaque
724 1687 763 1745 ad
777 1687 866 1744 huius
880 1687 1026 1746 iudicium
1040 1687 1129 1746 stilus
1145 1692 1270 1766 apoeta

164 1787 294 1866 ducitur,
316 1808 377 1848 non
397 1792 518 1866 praeter
538 1791 585 1848 ius
606 1809 673 1848 eum
690 1791 749 1849 iam
763 1790 960 1866 adiungemus
976 1789 1013 1847 iis
1028 1791 1128 1864 poetis
1144 1790 1269 1864 socium,

167 1910 292 1968 quorum
313 1893 344 1950 in
365 1913 488 1953 numero
510 1894 604 1953 fuisse
624 1892 844 1968 Germanicum,
863 1894 1012 1971 principis
1033 1894 1136 1968 filium,
1157 1899 1188 1951 et
1208 1893 1269 1951 for·
1334 1895 1339 1906 '

165 2001 245 2055 tasse
273 1997 363 2056 etiam
382 1997 546 2073 Pcdonem,
573 2014 660 2072 quem
685 1998 716 2054 in
742 1998 841 2074 elegia
862 1999 990 2072 quadam
1010 2015 1047 2056 ex
1067 1997 1170 2056 Ponto
1197 1996 1268 2076 (IV,

68 2174 70 2179 Α
167 2105 212 2176 16,
235 2101 266 2175 4)
283 2099 439 2163 Sidereum
455 2107 544 2160 vocat
560 2099 698 2175 Ovidius,
720 2107 849 2172 constat,
869 2119 967 2176 neque
987 2102 1068 2160 idem
1088 2102 1148 2160 erit
1169 2118 1267 2177 scgre-

165 2204 282 2279 gandus
303 2205 341 2262 ab
362 2204 400 2262 iis
416 2203 533 2262 Tiberii
554 2203 741 2278 aequalibus,
762 2203 841 2262 inter
863 2221 938 2278 quos
956 2204 1064 2280 ingens
1079 2209 1268 2263 vetustorum

165 2314 196 2365 et
223 2306 431 2365 obsoletorum
456 2307 616 2365 verborum
643 2305 774 2364 studium
800 2306 932 2365 eluxisse
953 2305 1118 2366 Suetonius
1143 2324 1268 2366 comme·

165 2413 272 2482 morat,
303 2426 399 2484 neque
423 2410 462 2467 ab
489 2427 524 2468 ea
550 2409 633 2467 illius
659 2408 804 2484 temporis
831 2409 985 2469 hominum
1011 2410 1153 2486 factione,
1180 2427 1269 2484 quarn

167 2512 295 2572 Ovidius
316 2513 508 2573 existimante
528 2512 677 2571 Merkelio
699 2512 731 2570 in
753 2512 908 2571 Tristibus
935 2513 987 2590 (V,
1013 2516 1040 2590 3,
1061 2514 1111 2590 55)
1139 2513 1268 2572 strictim

164 2617 291 2694 attingit
309 2618 367 2676 hoc
387 2617 533 2676 disticho:

319 2727 365 2796 „Si
383 2732 506 2783 veterum
525 2728 605 2797 digne
623 2744 737 2783 veneror
755 2728 837 2797 (cum)
857 2730 961 2799 scripta
979 2729 1105 2796 virorum,

420 2814 550 2870 Proxima
567 2830 623 2870 non
639 2813 693 2869 illis
711 2830 772 2868 esse
790 2815 896 2870 minora
914 2817 1000 2870 reor“.

243 2928 295 2988 Sic
316 2928 341 2985 si
362 2934 445 2987 recta
466 2929 497 2986 in
517 2927 729 2987 ratiocinando
750 2928 907 3005 progressi
929 2946 1039 3004 sumus,
1064 2928 1267 2989 Manilianum

165 3032 286 3091 dicendi
311 3049 416 3109 genus,
444 3033 557 3109 qnippe
585 3031 666 3106 quod
688 3033 725 3090 ab
749 3029 911 3090 Octaviani
932 3033 1154 3108 approbatione
1176 3033 1267 3108 plane

165 3138 337 3212 abhorreat,
358 3143 389 3196 et
409 3136 508 3212 ipsum
529 3141 737 3212 argumentum
758 3141 813 3212 est,
836 3153 896 3210 quo
910 3135 1149 3194 Astronomicon
1163 3139 1267 3194 aucto-

165 3258 227 3300 rem
247 3244 393 3316 regnante
415 3239 539 3299 Tiberio
562 3238 718 3299 exstitisse
741 3239 880 3298 omnibus
901 3239 1143 3316 persuadeamus,

240 3344 315 3405 Iam¹
329 3344 445 3420 pariter
470 3362 578 3420 magno
606 3344 674 3402 usui
700 3344 766 3402 iore
785 3347 862 3421 puto
883 3343 967 3402 aliud
988 3361 1004 3402 e
1024 3361 1057 3401 re
1078 3342 1203 3421 metrica
1223 3361 1267 3401 re-

165 3447 304 3524 petitum,
324 3448 357 3506 in
379 3465 438 3522 qua
460 3452 546 3508 tanta
566 3466 638 3507 sane
658 3448 711 3506 ille
731 3451 869 3506 versatus
889 3451 935 3506 est
949 3452 1023 3519 arte,
1045 3451 1158 3522 quanta
1171 3448 1269 3506 maior

167 3548 279 3609 Ouidio
310 3551 378 3627 ipso
410 3569 471 3610 non
502 3558 628 3628 excepto
660 3550 692 3607 in
719 3550 901 3609 Latinorum
933 3551 1127 3633 scriptorum·
1144 3569 1267 3610 numero

165 3654 246 3730 apud
276 3655 423 3714 neminem
454 3657 616 3731 spectatur.
665 3652 759 3712 (iuius
790 3653 980 3712 existimator
1011 3656 1117 3712 nostra
1147 3654 1266 3730 quidem

165 3761 265 3816 aetate
290 3757 502 3834 peritissimus,
530 3757 685 3815 Lucianus
710 3753 881 3832 Muelleri),
909 3756 991 3830 quod
1017 3762 1133 3816 ceteros
1158 3763 1266 3833 poetas

165 3877 304 3920 versuum
323 3862 477 3938 elegantia
495 3879 591 3937 paene
613 3863 796 3936 superasset,
817 3858 949 3917 Manilio
963 3860 1093 3936 palmam
1107 3861 1267 3920 decernere

164 3979 227 4034 non
257 3964 410 4023 dubitarit
439 3964 622 4040 graviusque
649 3962 801 4036 quondam
826 3961 963 4021 invectus
990 3970 1037 4022 est
1062 3965 1093 4022 in
1112 3963 1268 4039 'decebam

163 4091 366 4106 w·-

231 4177 314 4254 ⁸)De
332 4198 361 4236 re
380 4184 457 4238 metr.
476 4196 504 4252 p.
522 4178 565 4245 52,
582 4178 641 4244 216,
660 4179 718 4248 221,
737 4179 795 4248 317,
815 4179 872 4249 320,
892 4181 941 4236 324
960 4178 995 4239 al.
