2880 5182
581 752 792 813 ,63-

286 935 349 989 915:
376 935 498 989 faciem
518 933 609 987 caeli
625 948 686 987 non
703 935 839 989 inridet
858 935 933 990 orbi

376 1023 441 1091 lpse
460 1020 527 1073 deus
545 1020 734 1089 vultusque
755 1036 832 1074 snos
851 1036 1046 1090 corpusque
1064 1019 1213 1074 recludit
1252 1022 1256 1028 “

374 1107 488 1177 Semper
505 1105 638 1160 volvendo
658 1122 752 1175 seque
770 1107 860 1176 ipsum
878 1107 1000 1160 inculcat
1018 1111 1046 1160 et
1065 1107 1189 1172 offert,

375 1193 439 1264 Ipse
458 1197 541 1246 vocat
559 1193 665 1245 animos
683 1195 794 1246 nostros
814 1193 850 1246 ad
870 1193 961 1246 sidera
979 1193 1095 1246 mundus

373 1279 435 1332 Nec
452 1279 565 1348 patitur,
584 1279 631 1348 qni
649 1294 704 1332 non
723 1279 825 1343 condit,
843 1295 894 1332 sua
911 1280 972 1333 iura
990 1279 1088 1333 latere.

133 1431 160 1490 Ε
185 1434 339 1508 postremo
366 1427 426 1484 isto
453 1427 521 1485 loco
547 1426 710 1501 praecipue
737 1426 869 1484 canicies
892 1427 1046 1486 conscium
1068 1429 1127 1486 sibi
1148 1429 1242 1488 fuisse

133 1532 304 1604 Manilium,
339 1533 483 1605 quantum
517 1529 549 1586 in
579 1529 800 1605 perscrutanda
831 1530 887 1589 fati
918 1534 1028 1589 natura
1058 1532 1243 1607 deorumque

136 1634 265 1695 Ovidius
286 1635 410 1708 eiusque
432 1632 545 1691 similes
567 1651 584 1689 a
605 1635 699 1690 semet
719 1632 787 1708 ipso
810 1640 1037 1708 superarentur.
1059 1668 1095 1678 —
1125 1635 1243 1709 Quodsi

133 1741 172 1798 ab
199 1738 339 1814 epistolis
362 1735 466 1796 Ovidii
487 1736 626 1795 Ponticis
654 1753 767 1810 eorum,
796 1753 873 1811 quae
900 1755 937 1795 ex
957 1738 1181 1798 Astronomicis
1203 1742 1242 1799 ci·

133 1843 207 1917 tavi,
237 1843 398 1901 verborum
430 1840 518 1916 origo
550 1839 684 1915 legitime
716 1839 864 1898 trahenda
895 1846 952 1916 est,
984 1842 1055 1900 illae
1085 1849 1185 1902 autem
1212 1844 1243 1901 in

133 1964 225 2004 unum
255 1945 433 2004 coniunctae
464 1943 550 2018 prius
583 1960 671 2018 quam
701 1961 781 2001 anno
807 1942 848 2001 U.
874 1961 898 2001 c.
926 1947 990 2018 770,
1023 1962 1082 2019 quo
1110 1947 1243 2024 scriptor

132 2055 269 2108 mortuus
295 2066 360 2106 esse
380 2047 493 2106 dicitur
520 2045 585 2121 (cfr.
607 2045 736 2105 Hieron.
758 2046 796 2104 ad
817 2065 842 2104 a.
863 2046 1007 2106 Abrahae
1028 2047 1127 2124 2033),
1152 2067 1242 2125 aegre

133 2151 319 2211 circumferri
339 2155 513 2227 potuerant,
535 2167 629 2225 usque
650 2150 688 2208 ad
709 2150 768 2208 hoc
789 2154 907 2227 tempus
924 2151 1151 2211 Astronomicis
1166 2159 1243 2212 trac-

63 2254 70 2269 '
133 2256 234 2315 tondis
261 2256 388 2332 primam
414 2255 548 2312 auctoris
575 2273 694 2312 manum
720 2255 844 2344 omnino
866 2253 997 2313 defuisse
1018 2273 1118 2314 nonne
1140 2273 1243 2314 omnes

136 2359 174 2417 ed
192 2377 283 2417 unum
304 2358 391 2416 facile
412 2356 556 2416 credent?
596 2356 650 2414 An
671 2358 849 2433 reperietur,
878 2358 930 2432 qui
952 2358 1041 2416 nobis
1060 2361 1244 2434 persuadeat

138 2460 269 2522 iuvenem
289 2467 421 2536 poetam,
441 2461 478 2519 de
498 2478 557 2536 quo
574 2461 711 2536 quaestio
727 2465 782 2535 est,
803 2460 863 2519 iam
877 2467 941 2519 tum
955 2462 1056 2520 locum
1072 2464 1242 2523 obtinuisse

135 2565 213 2626 inter
233 2583 295 2641 eos,
317 2583 444 2640 quorum
465 2563 547 2639 quod
567 2564 684 2637 inedita
704 2583 776 2623 cura
798 2571 853 2639 est,
875 2571 909 2623 ut
923 2566 967 2624 ait
983 2565 1113 2624 Ovidius
1134 2568 1181 2643 (iu
1196 2587 1242 2645 ep.

134 2688 172 2729 ex
196 2670 288 2729 Pont.
315 2669 372 2745 IV,
405 2673 449 2744 16,
479 2667 539 2743 39),
571 2669 823 2744 adpellandorum
854 2670 898 2728 nil
929 2669 1002 2728 mihi
1033 2669 1108 2727 iuris
1136 2669 1242 2729 adest?

135 2772 225 2833 Certe
246 2773 309 2831 sive
324 2772 485 2831 Manilium
506 2771 538 2828 in
553 2772 666 2829 exsulis
681 2772 771 2831 huius
787 2773 977 2831 amicissimis
994 2774 1164 2832 numerabis
1180 2775 1243 2832 sive

132 2877 314 2936 Merkelium
340 2881 460 2935 secutus
481 2874 687 2934 infestissimis
709 2876 943 2936 insidiatoribus
966 2876 1132 2953 adiungere
1153 2877 1243 2936 audc-

133 2980 191 3056 bis,
212 2981 297 3040 nulla
318 2981 375 3039 erit
395 2996 494 3054 causa,
516 2995 568 3035 cur
590 2979 617 3037 ei
639 2980 787 3056 epistolas
802 2980 959 3056 Ponticas,
980 2981 1059 3039 unde
1077 2980 1243 3040 nonnullos

132 3083 249 3143 fructus
273 3083 453 3161 perceperit,
483 3088 572 3158 post
596 3088 724 3142 mortem
751 3083 914 3142 Octaviani
939 3082 1086 3160 plurimas
1113 3083 1242 3142 traditas

134 3205 199 3247 esse
220 3205 320 3263 neges.
361 3186 530 3245 Assecutus
551 3186 647 3262 igitur
667 3186 724 3244 hac
746 3203 866 3262 quoque
890 3186 948 3262 via,
970 3203 1046 3261 quae
1067 3187 1105 3245 ab
1129 3184 1243 3246 Ouidio

132 3296 229 3369 patet,
263 3310 337 3365 sum,
371 3291 453 3367 quod
487 3309 524 3349 ex
560 3290 653 3348 animi
683 3291 834 3349 sententia
865 3290 1031 3350 identidem
1061 3290 1120 3348 iam
1152 3306 1244 3366 supra

109 3438 112 3445 .
133 3395 250 3454 inveni:
271 3395 395 3453 Manilii
416 3413 534 3454 carmen
555 3393 660 3453 deberi
681 3393 776 3452 aetati
798 3392 992 3453 Tiberianae.

210 3525 321 3585 Potest
350 3531 449 3585 autem
479 3543 576 3583 annus
603 3524 642 3582 U.
669 3542 693 3582 c.
723 3527 778 3586 770
805 3530 839 3582 ut
864 3523 1104 3583 Astronomioon
1131 3523 1244 3582 natalis

135 3627 267 3687 eiusdem
288 3627 393 3688 Ovidii
422 3647 515 3705 opera
540 3627 584 3686 ita
604 3628 716 3687 muniri
737 3645 772 3685 ac
792 3627 922 3702 defendi,
949 3632 984 3685 nt
1004 3629 1244 3687 commenticium

133 3749 202 3790 eum
226 3737 257 3790 et
283 3732 400 3791 futilem
424 3749 489 3791 esse
516 3731 663 3789 neminem
690 3731 749 3789 iam
775 3730 925 3790 dicturum
950 3731 1107 3791 confidam.
1154 3731 1244 3805 Quod

134 3833 276 3894 effectura
309 3836 382 3895 mihi
409 3835 594 3895 redeundum
622 3840 668 3893 est
694 3834 732 3891 ad
758 3833 881 3909 Festos,
913 3852 1041 3910 quorum
1067 3835 1243 3911 refingendo

134 3939 266 4014 corpori,
287 3940 385 4015 primo
407 3946 526 3998 tantum
538 3937 619 3997 libro
635 3937 787 4012 absoluto,
809 3941 916 3997 auctor
930 3939 1050 3998 videtur
1065 3938 1243 3997 immortuus

133 4058 207 4101 esse.
247 4041 479 4102 Demonstravit
505 4042 583 4101 enim
610 4058 699 4115 quam
724 4041 963 4102 luculentissime
987 4043 1154 4102 Merkelius
1180 4061 1243 4102 car·

133 4145 214 4204 mina
240 4146 303 4222 illa,
336 4152 371 4205 ut
396 4146 433 4205 ad
462 4124 672 4205 Germanicum
697 4146 723 4203 si
748 4146 780 4202 in
806 4144 915 4204 Asiam
939 4147 1074 4204 venisset
1099 4146 1243 4222 mitteret,

135 4244 278 4309 Ovidium
304 4253 469 4309 retractare
496 4250 634 4325 coepisse
662 4250 785 4306 ineunte
810 4266 880 4306 rere
906 4249 978 4306 anni
1000 4252 1063 4308 770.
1104 4248 1243 4308 Perbene

136 4358 239 4413 autem
259 4356 434 4430 congruunt
452 4354 489 4414 de
509 4371 583 4431 pace
607 4369 682 4427 quae
703 4353 735 4410 in
749 4351 847 4430 primo
862 4351 1026 4411 Fastorum
1040 4358 1163 4411 exstant
1176 4370 1243 4412 cum

133 4457 186 4532 iis,
208 4474 284 4532 qliae
305 4459 338 4517 in
359 4459 458 4534 primo
479 4432 718 4518 Astrouomicon
739 4456 867 4532 legimus
889 4471 1024 4530 quaeque
1038 4455 1090 4514 Fr.
1107 4455 1242 4515 Jacobus

134 4561 207 4621 olim
227 4562 260 4620 in
282 4578 386 4638 progr.
402 4560 538 4621 Posnan.
554 4581 582 4622 a.
599 4563 672 4621 1830
685 4578 714 4636 p,
730 4561 748 4618 9
763 4560 807 4618 sio
820 4558 1001 4618 illustravit:
1022 4556 1243 4634 „Somniabant
