2880 5182
595 749 881 813 —71-.

147 939 258 998 riorem
278 955 367 1013 quam
380 937 497 996 Aratea
517 953 591 1011 esse,
612 935 638 994 si
661 933 784 994 aliunde
806 934 849 1012 (p.
871 936 923 1011 43)
944 935 1089 994 certiores
1107 935 1253 1011 temporis

146 1042 262 1100 numeri
276 1041 365 1100 nobis
381 1037 637 1116 suppeditantur?
662 1038 755 1098 Ultra
768 1056 884 1115 pacem,
899 1056 987 1114 quam
1001 1039 1039 1097 ab
1053 1037 1165 1097 Ouidio
1179 1036 1253 1097 Ger·

146 1145 264 1203 manico
275 1144 407 1203 Manilio
420 1144 525 1217 aequis
537 1142 679 1218 deinceps
691 1141 833 1200 laudibus
845 1142 889 1201 ita
900 1143 1107 1218 praedicatam
1119 1142 1252 1200 ostendi·

145 1265 219 1323 mus,
240 1253 275 1307 ut
295 1266 424 1320 carmen,
443 1246 480 1304 de
503 1262 563 1320 quo
585 1245 794 1323 quaestionem
816 1245 1013 1321 instituimus,
1033 1248 1180 1304 aestatem
1199 1245 1250 1303 ab·

144 1350 216 1408 hinc
240 1351 313 1408 anni
333 1350 373 1408 U.
395 1368 418 1409 e.
441 1353 497 1411 770
518 1366 660 1425 superare
682 1366 743 1406 non
764 1349 874 1425 possit,
900 1349 977 1407 nihil
998 1367 1124 1425 prorsus
1144 1367 1183 1408 ex
1203 1349 1251 1407 his

143 1453 245 1530 poetis
271 1453 412 1512 eruimus.
456 1453 509 1511 Ad
536 1452 726 1511 coniecturas
751 1469 824 1511 vero
850 1452 1007 1528 progressi
1032 1453 1196 1511 Manilium
1221 1458 1252 1512 et

145 1554 356 1616 Germanicum
375 1556 579 1632 probabamus
603 1555 708 1614 eodem
728 1555 791 1615 fere
804 1562 941 1631 tempore
955 1556 987 1614 in
1000 1556 1139 1615 facienda
1154 1562 1251 1616 astro·
1294 1599 1298 1608 .

145 1661 248 1735 logica
268 1665 409 1736 poemata
429 1659 613 1734 incubuisse,
633 1659 712 1718 hunc
731 1666 832 1718 autem
853 1677 919 1719 cum
934 1660 989 1718 illo
1004 1660 1119 1736 primos
1134 1665 1252 1719 tantum

145 1763 191 1822 sui
213 1762 314 1838 operis
335 1780 440 1821 versus
462 1761 526 1820 sive
545 1768 756 1837 argumentum
771 1762 991 1837 consiliumque
1005 1764 1251 1839 communicasse,

143 1867 258 1941 hacque
279 1867 317 1925 de
337 1884 369 1924 re
390 1867 422 1925 in
440 1868 544 1927 orbem
559 1865 646 1941 quasi
661 1866 866 1941 volvebamur,
886 1884 953 1926 eum
965 1866 1128 1926 Manilium
1140 1866 1251 1925 Astre-

144 1969 262 2029 nomica
284 1976 479 2045 perorantem
498 1970 682 2029 Arateorum
702 1987 861 2029 memorem
882 1975 1047 2047 propterea
1066 1970 1250 2046 dicebamus,

143 2073 225 2148 quod
251 2091 318 2132 eum
343 2072 582 2149 prooemiantem
607 2073 697 2132 buius
722 2073 865 2132 carminis
887 2092 1015 2149 gnarum
1034 2072 1127 2130 fuisse
1148 2072 1249 2132 crede-

142 2177 255 2235 bamus.
288 2175 370 2250 Quid
392 2176 461 2235 inde
481 2176 633 2236 redundat
652 2177 691 2234 ad
711 2195 774 2236 reru
792 2177 882 2236 nobis
896 2174 1106 2254 propositum?
1139 2174 1248 2248 Quam·

141 2279 195 2338 diu
215 2280 330 2339 debilia
351 2280 503 2339 debilibus
524 2280 569 2338 ita
588 2280 706 2356 fulcire,
726 2288 760 2339 ut
781 2299 841 2338 uuo
857 2281 999 2355 adempto
1016 2280 1117 2339 omnia
1131 2297 1167 2338 ue
1183 2297 1248 2338 eor-

139 2389 231 2442 ruant
251 2383 419 2459 periculum
439 2384 489 2459 sit,
510 2384 542 2441 in
563 2384 664 2443 animo
686 2383 753 2445 est?
775 2417 812 2426 —
832 2383 918 2442 Haec
934 2402 970 2442 ac
984 2383 1096 2443 similia
1109 2373 1248 2459 quisquis

141 2486 200 2545 iam
225 2504 271 2545 mc
297 2486 541 2562 interrogaturus
568 2494 623 2563 est,
649 2487 678 2546 ei
704 2506 769 2546 mea
792 2494 902 2564 sponte
923 2487 1069 2547 confiteor
1089 2487 1179 2546 modo
1201 2506 1247 2547 me

140 2589 328 2665 significasse
348 2590 551 2664 cogitationes
565 2609 625 2666 eas,
648 2608 724 2666 quae
738 2609 805 2650 cum
818 2592 950 2650 animum
963 2609 1059 2651 meum
1073 2591 1248 2668 subiissent,

140 2693 211 2752 inde
231 2711 311 2752 nova
331 2693 368 2751 de
382 2694 514 2753 Manilio
529 2699 569 2770 et,
591 2703 737 2770 quantum
750 2695 888 2770 equidem
903 2696 976 2770 scio,
997 2695 1136 2754 inaudita
1150 2695 1247 2771 suspi-

140 2796 188 2855 cio
215 2804 322 2856 coorta
347 2803 402 2855 est.
445 2797 530 2871 Quae
555 2799 622 2875 ipsa
643 2799 669 2857 si
691 2799 873 2873 conquisitis
893 2799 1035 2873 protinus
1055 2817 1073 2856 a
1093 2816 1138 2858 me
1159 2818 1247 2876 argu·

140 2901 249 2959 mentis
269 2901 457 2959 extrinsecus
478 2901 522 2959 ita
537 2902 648 2960 firmari
663 2902 810 2978 potuerit,
831 2908 865 2960 ut
877 2902 916 2960 ad
931 2902 1089 2961 veritatem
1103 2908 1246 2979 emergat,

139 3021 206 3062 cum
226 3003 350 3063 meliore
369 3004 435 3062 luce
451 3005 552 3064 omnia
566 3005 788 3082 adspargentur
803 3013 866 3063 tum
880 3005 917 3063 de
932 3005 1122 3080 singulorum
1134 3005 1246 3065 Astro-

139 3106 281 3165 nomicon
306 3098 454 3166 librorum
479 3109 568 3166 annis
594 3127 656 3167 non
684 3109 797 3168 frustra
817 3113 988 3183 quaeretur.
1028 3108 1150 3167 Etenim
1171 3127 1246 3184 quas

136 3226 187 3267 res
213 3209 252 3266 ad
277 3226 342 3268 eam
367 3211 625 3270 corroborandam
651 3206 810 3288 aptissima
836 3229 901 3270 esse
926 3229 1044 3286 censeo,
1070 3230 1108 3270 ex
1128 3212 1247 3272 iisdem·

138 3310 164 3368 si
190 3312 249 3370 tibi
268 3311 442 3388 placebunt,
469 3315 598 3391 primum
618 3315 707 3373 facile
728 3333 904 3391 cognosces,
929 3315 981 3390 qui
1002 3317 1074 3374 anni
1095 3317 1191 3377 libros
1212 3318 1245 3376 II

138 3426 169 3473 et
182 3415 229 3473 IV
250 3415 386 3492 tulerint,
406 3417 517 3477 deiude
532 3419 684 3495 appositis
698 3419 747 3496 iis,
769 3437 845 3494 quae
867 3436 959 3495 supra
973 3421 1150 3497 monstravi,
1171 3427 1244 3482 tem·

139 3518 224 3591 poris
246 3517 368 3579 indiciis
389 3522 508 3580 ratione
528 3528 559 3580 et
579 3522 629 3580 via
648 3527 817 3583 ceterorum
838 3540 958 3598 quoque
973 3524 1120 3583 librorum
1133 3526 1244 3586 aetatis

138 3621 211 3679 fines
232 3622 353 3699 efficies,
374 3632 408 3682 ut
429 3624 503 3682 satis
523 3625 615 3700 plane
636 3625 782 3685 eluceant.

215 3724 306 3784 Prius
338 3727 433 3802 igitur
465 3745 554 3802 quam
584 3729 621 3787 de
643 3730 691 3805 iis,
722 3747 798 3805 quae
828 3730 887 3789 hoc
912 3731 1012 3806 capite
1038 3732 1242 3810 continentur,

137 3827 282 3888 iudicium
307 3831 369 3906 fiat,
396 3831 549 3890 videamus
575 3832 612 3892 de
637 3834 845 3892 recentissima
871 3834 926 3892 illa
952 3834 1126 3911 suspicione
1150 3854 1185 3895 ac
1204 3837 1242 3896 de

137 3931 202 3990 eius
223 3933 453 4008 probabilitate.
