2880 5182
625 345 834 405 ..8οη-

238 530 310 597 Qua
328 530 466 600 genitus
485 529 683 600 Caesarque
701 545 794 583 meus
811 541 890 582 nunc
910 529 1067 583 condidit
1085 531 1200 584 orbem

236 618 280 672 nt
299 616 452 687 propriis
470 616 585 671 frenat
602 617 808 686 pendentem
827 615 971 669 nutibus
990 617 1131 670 orbem.“

169 737 228 797 His
256 756 293 796 ex
319 737 457 795 versibus
485 743 546 795 tres
572 737 672 812 primi,
702 737 755 812 qui
781 736 918 809 Romam,
950 736 1031 811 quod
1057 736 1089 794 in
1115 736 1278 814 Hesperia,

167 860 261 918 regno
282 840 405 916 Librae,
426 841 550 899 condita
572 840 621 915 sit,
642 841 712 899 huic
733 841 821 916 signo
845 839 1006 914 imperium
1026 840 1110 900 orbis
1131 846 1280 899 terrarum

170 946 279 1004 debere
305 944 478 1018 ostendant,
505 963 522 1002 a
548 943 677 1002 oonsilio
707 948 823 1016 nostro,
851 943 933 1018 quod
955 944 1075 1018 quidem
1096 943 1135 1001 ad
1156 940 1280 1001 Germa-

166 1049 229 1106 nioi
249 1053 280 1106 et
298 1047 421 1105 Manilii
443 1047 618 1106 societatem
640 1047 782 1122 pertinet,
804 1047 896 1105 alieni
919 1050 1101 1122 cantatque
1123 1047 1280 1106 111711777-

168 1155 231 1211 tum
257 1157 327 1209 ante
354 1151 458 1210 oeulos
479 1151 585 1227 positi,
614 1167 673 1224 quc
696 1150 801 1208 melius
823 1168 927 1209 versus
949 1152 1168 1225 subsequentes
1189 1149 1279 1208 intel-

166 1254 320 1329 legantur.
368 1253 405 1311 In
441 1254 479 1311 iis
516 1254 594 1312 enim
628 1252 814 1327 aliquamdiu
845 1254 1071 1313 consistendum
1102 1254 1192 1312 nobis
1223 1255 1279 1311 est.

170 1354 289 1414 Rursus
310 1358 387 1417 fiunt
406 1358 498 1416 verba
518 1357 556 1415 de
569 1356 675 1433 Libra,
698 1374 757 1431 quo
777 1356 874 1416 sidere
891 1356 1050 1417 Caesarem
1065 1356 1279 1417 Germanicum

166 1464 269 1523 natum
289 1459 383 1518 fuisse
404 1477 419 1518 e
436 1458 584 1518 Suetonio
606 1460 734 1518 antehae
755 1460 935 1536 cognovisse
957 1460 1047 1519 nobis
1064 1461 1210 1536 videmur,
1232 1466 1278 1519 at·

167 1577 223 1635 que
251 1560 341 1620 etiam
367 1581 385 1620 a
407 1568 500 1638 poeta
519 1569 626 1639 partus
648 1563 769 1638 quidam
790 1563 874 1622 illius
896 1565 1018 1623 nomine
1040 1563 1181 1624 Caesaris
1202 1583 1277 1622 nun-

166 1671 303 1742 cupatur.
350 1664 426 1724 Cum
453 1672 553 1725 autem
580 1666 674 1724 alium
700 1665 860 1725 Caesarem
887 1666 990 1726 eadem
1016 1668 1048 1725 in
1076 1673 1158 1726 sorte
1184 1668 1278 1728 fuisse

166 1768 285 1827 saeculo
313 1768 457 1845 Augusto
483 1768 574 1843 plane
601 1769 785 1845 ignoremus,
804 1754 944 1829 ‘maxime
969 1778 1205 1832 consentaneum
1231 1777 1278 1830 est

166 1892 222 1932 nos
243 1875 287 1932 ita
307 1873 496 1948 ratiocinari,
517 1879 551 1932 ut
573 1873 627 1933 illa
648 1874 741 1932 verba
761 1874 799 1933 dc
816 1873 996 1933 Germanico
1019 1876 1086 1934 solo
1108 1875 1191 1935 dicta
1211 1893 1276 1935 esse

167 1981 343 2037 statuamus.
377 1976 479 2051 Quid?
502 1976 583 2051 quod
606 1976 693 2052 nihil,
715 1977 741 2035 si
762 1977 933 2052 genituram
949 1977 1110 2038 Chelarum
1131 1979 1276 2056 excipias,

165 2081 202 2139 de
227 2081 286 2140 hoc
311 2082 386 2140 duee
412 2082 583 2157 praedicari
604 2084 709 2156 potest
728 2081 830 2157 aptius
854 2098 943 2155 quam
964 2098 1040 2155 quae
1060 2081 1199 2141 versibus
1219 2081 1278 2157 IV,

167 2188 232 2244 776.
264 2188 319 2244 777
350 2185 556 2243 continentur.
603 2182 800 2242 Germanicus
831 2182 970 2258 profecto
997 2184 1136 2242 condidit
1162 2185 1277 2244 orbem.

165 2287 263 2346 Initio
289 2288 368 2345 enim
393 2288 465 2345 anni
486 2286 526 2345 U.
554 2305 578 2346 c.
606 2291 661 2347 771
688 2305 743 2363 per
765 2285 923 2345 Graeciam
944 2286 1069 2362 eiusque
1090 2287 1205 2345 insulas
1226 2287 1278 2346 iti-

164 2408 234 2449 nere
262 2395 405 2466 superato
432 2409 499 2450 cum
519 2390 627 2449 Asiam
651 2392 778 2465 teneret,
806 2389 961 2466 profectus
987 2395 1033 2449 est
1053 2391 1092 2449 ad
1111 2390 1277 2450 Armenios

165 2495 267 2569 eisquc
293 2512 364 2570 rege
388 2493 460 2553 dato
481 2495 618 2571 perrexit
640 2494 678 2553 ad
700 2493 909 2570 Cappadoces,
939 2493 1048 2568 quibus
1069 2493 1201 2552 dicionis
1221 2511 1276 2570 po·

164 2598 231 2673 puli
256 2597 388 2656 Romani
418 2599 508 2657 factis
539 2601 668 2657 exeunte
701 2615 781 2656 anno
813 2597 976 2655 amicitiam
1008 2615 1043 2654 ao
1073 2596 1180 2655 foedus
1211 2614 1276 2655 eum

164 2701 323 2760 Parthis
342 2703 509 2761 'renovavit
531 2706 622 2776 atquc
644 2719 746 2760 omnes
768 2719 870 2761 eorum
891 2718 939 2759 res
962 2718 1050 2776 quam
1071 2700 1185 2776 optimc
1206 2717 1276 2758 eon·

123 2824 126 2828 ·
164 2804 274 2863 stituit.
320 2805 505 2864 Parthorum
536 2812 635 2865 autem
666 2823 791 2880 regnum
822 2803 959 2863 maximis
991 2804 1102 2880 opibus
1133 2803 1274 2863 Romano

166 2907 292 2984 imperio
325 2908 510 2969 simillimum
536 2909 684 2968 Manilius
715 2909 854 2968 versibus
885 2909 956 2967 libri
988 2908 1088 2983 quarti
1114 2911 1179 2968 674.
1209 2908 1277 2985 675,

172 3011 328 3085 quisunt:

356 3124 451 3192 „India
469 3124 568 3178 notitia
587 3123 682 3189 maior,
700 3121 894 3192 Parthique
911 3123 966 3178 vel
986 3124 1077 3179 alter

355 3209 455 3265 Orbis
474 3213 503 3264 et
521 3210 549 3262 in
567 3208 673 3264 caelum
693 3209 829 3279 surgentis
848 3210 957 3264 moenia
976 3211 1086 3279 Tauri‘,

165 3320 196 3378 vi
221 3320 399 3397 particulae,
426 3340 502 3398 quae
529 3325 576 3382 est
595 3321 692 3397 „rel“,
720 3320 794 3379 satis
815 3321 908 3381 dubia
929 3323 972 3382 ita
993 3327 1214 3397 commemorat,
1239 3325 1274 3378 ut

167 3425 229 3483 sive
250 3443 268 3484 a
287 3426 412 3484 Parthis
433 3426 509 3502 ipsis
531 3427 594 3485 sive
616 3425 654 3484 ab
675 3424 831 3483 Armeniis
852 3427 981 3486 alterum
1000 3430 1149 3486 terrarum
1171 3426 1274 3483 orbem

165 3530 317 3606 possideri
343 3530 569 3606 intellegamus:
596 3530 676 3589 Utut
702 3528 798 3604 igitur
824 3535 880 3607 est,
905 3531 963 3589 hoe
988 3531 1073 3589 nullo
1102 3530 1163 3588 fere
1184 3528 1275 3587 modo

165 3632 289 3691 dubium
321 3651 386 3692 esse
417 3639 529 3709 potest,
562 3633 635 3708 quin
666 3638 753 3691 extra
784 3633 904 3710 imperii
931 3632 1063 3691 Romani
1092 3633 1166 3692 fines
1198 3633 1276 3691 alter

165 3739 313 3795 terrarum
345 3737 428 3796 orbis
457 3735 630 3796 Germanioi
662 3755 755 3812 opera
785 3754 857 3796 usus
888 3735 1019 3813 fuerin).
1068 3737 1115 3796 Ac
1139 3735 1275 3813 propriis

167 3839 241 3898 mire
262 3839 395 3898 frenavit
416 3840 495 3899 idem
516 3840 697 3916 pendentem
717 3841 841 3900 nutibus
863 3840 974 3899 orbem.
1008 3839 1087 3899 Nam
1108 3858 1174 3899 cum
1195 3859 1210 3899 e
1230 3855 1274 3898 se·

167 3947 256 4000 natus
286 3944 427 4004 consulto
454 3963 597 4004 summam
625 3961 696 4004 sane
721 3949 906 4022 potestatem
931 3944 963 4002 in
989 3943 1116 4005 Oriente
1140 3944 1275 4019 haberet,

173 4073 377 4086 ψ

239 4160 261 4228 l)
281 4161 440 4218 7777117.
457 4161 496 4230 Π,
513 4161 624 4217 53-58.
642 4188 676 4202 -
693 4159 814 4230 Respice
834 4176 862 4231 p.
879 4160 927 4218 41:
945 4159 1024 4218 Astr.
1042 4159 1080 4228 V,
1098 4161 1158 4217 376.
1175 4161 1236 4217 377.
