2880 5182
632 351 845 410 ..90-

265 533 414 599 Confecta
432 541 532 595 autem
543 536 594 594 vel
607 535 712 612 potius
733 536 814 612 (Jac.
827 535 922 612 praef.
937 556 967 614 p.
980 535 1093 615 XVII)
1114 538 1292 616 imperfecta

187 639 294 700 relicta
315 640 436 713 quando
449 637 667 698 Astronomica
687 640 797 716 esseut,
819 641 909 699 uobis
929 658 992 699 non
1013 641 1154 718 contigit,
1174 645 1209 702 ut
1229 660 1292 701 cer-

186 743 228 802 tis
252 743 376 802 iudiciis
393 743 676 803 demonstraremus.
716 743 796 803 Nam
815 745 987 805 etiamnunc
1006 746 1194 821 anquirimus
1215 764 1293 822 eum,

188 864 276 922 quem
299 847 430 924 primum
451 847 634 906 Tiberianae
660 847 771 906 aetatis
797 852 864 907 tota
883 848 1099 909 Astronomica
1118 868 1180 908 non
1200 849 1291 909 modo

188 949 368 1026 cognovisse
393 968 496 1010 rerum
517 950 608 1010 etiam
628 950 660 1008 in
681 950 744 1010 suis
766 952 909 1028 operibus
930 953 1292 1029 respexissearguamus.

187 1053 296 1129 Neque
316 1057 386 1114 aute
407 1071 496 1130 quam
516 1054 568 1113 ille
581 1054 777 1131 prosperiore
791 1055 855 1113 acie
869 1054 1121 1132 deprehendatur,
1143 1055 1294 1132 quaestio,

189 1176 266 1233 quae
286 1163 332 1217 est
351 1158 388 1217 de
409 1159 493 1218 illius
513 1157 654 1218 carminis
674 1163 783 1235 aetate,
808 1158 893 1217 nullo
914 1162 1006 1235 pacto
1027 1159 1170 1220 absoluta
1190 1159 1296 1219 existi·

188 1261 297 1321 manda
317 1266 371 1322 est.

265 1367 373 1441 Itaque
399 1382 455 1424 nos
481 1370 512 1425 et
538 1365 598 1442 ipsi
625 1381 703 1440 opus
729 1363 823 1423 alacri
849 1363 950 1423 animo
972 1372 1145 1442 susceptum
1165 1367 1295 1441 quadam

188 1475 276 1546 parte
302 1468 510 1546 imperfectum
535 1468 742 1543 relinquimus.
784 1466 909 1527 Scilicet
929 1486 992 1526 nou
1013 1469 1114 1528 omnia
1132 1488 1294 1546 possumus

190 1591 307 1647 omnes;
332 1590 435 1631 verum
454 1575 564 1647 tamen,
588 1575 624 1631 ut
643 1589 743 1648 spero,
769 1572 933 1647 aliquando
954 1572 1034 1631 ratio
1056 1573 1157 1631 omnia
1176 1573 1294 1648 vineet;

110 1708 113 1713 ·
190 1695 258 1735 nam
277 1676 386 1734 horum
406 1674 576 1734 studiorum
596 1674 696 1732 socius
717 1673 842 1748 socium,
863 1691 956 1749 opera
976 1690 1107 1750 operam,
1128 1674 1193 1733 dies
1209 1675 1295 1734 deni-

192 1797 249 1854 que
264 1780 342 1839 diem
356 1778 489 1853 docebit,
504 1784 535 1837 et
550 1777 697 1853 quidquid
712 1777 745 1835 in
758 1777 974 1837 dissertatione
988 1783 1094 1836 nostra
1108 1778 1206 1836 adhuc
1215 1777 1294 1835 desi-

190 1883 323 1955 deratur,
344 1882 449 1942 afferre
469 1883 502 1939 in
521 1882 651 1941 medium
673 1881 817 1942 studebit.

268 1987 394 2046 Utinam
409 1987 450 2046 sit
463 2005 604 2063 maguum
618 2004 728 2062 operae
743 1986 918 2060 laborisque
932 1985 1072 2063 pretium,
1088 1986 1209 2045 reiectis
1224 1984 1295 2046 Sea-

190 2091 281 2167 ligeri
305 2089 428 2149 Bentlei
452 2090 595 2151 Merkelii
625 2090 755 2150 aliorum
780 2091 940 2149 sententiis
965 2091 1007 2166 id,
1033 2089 1115 2165 quod
1140 2096 1209 2150 aute
1237 2091 1295 2150 hos

190 2193 284 2254 LXV
305 2210 402 2253 annos
424 2193 647 2267 Lachmannus,
671 2195 719 2253 vir
738 2194 932 2270 clarissimus,
957 2194 1110 2253 acerrimis
1132 2192 1229 2252 oculis
1251 2193 1295 2252 iu·

191 2297 334 2372 dicioque
360 2297 560 2357 subtilissimo
587 2297 709 2356 adiutus
733 2298 793 2357 iam
818 2298 986 2357 luculenter
1011 2302 1209 2381 perspexerat
1228 2315 1296 2374 per·

194 2404 388 2478 speetumque
409 2401 552 2460 audacter
571 2399 687 2476 publici
707 2401 782 2459 iuris
802 2401 925 2476 fecerat,
947 2400 1102 2459 oblivione
1125 2401 1296 2461 obrutume

193 2505 317 2582 pulvere
337 2505 571 2582 deprompsisse,
591 2504 729 2580 clariore,
751 2505 777 2562 si
796 2505 906 2581 placet,
927 2504 993 2562 luce
1008 2503 1186 2577 illustrasse,
1207 2503 1296 2562 noris

193 2608 385 2667 adminiculis
416 2610 453 2667 ab
484 2607 611 2666 interitu
642 2606 825 2666 defendisset
871 2605 997 2665 Utinam
1023 2606 1153 2681 denique
1180 2606 1297 2680 aliquid

194 2711 343 2770 commodi
373 2730 411 2770 ex
440 2712 487 2771 his
507 2710 748 2792 ¹quaestienibus
778 2709 882 2770 redeat
912 2710 950 2769 ad
980 2710 1115 2770 criticam
1139 2709 1297 2769 literarum

196 2813 400 2875 Romanarum
419 2814 592 2876 historiaml
