2880 5182
615 777 832 841 ..53-

169 960 299 1021 collecta
333 966 363 1020 et
394 960 540 1038 Hygini
574 962 671 1021 libros
701 962 935 1023 Astronomicos
969 983 987 1023 0
1020 966 1171 1026 nebulone
1202 983 1275 1042 quo·

169 1066 238 1124 dam
252 1083 420 1141 perperam,
442 1071 477 1124 ut
492 1066 621 1142 credor),
644 1073 804 1144 excerptos
819 1073 962 1142 tanquam
976 1069 1120 1144 reliquias
1136 1071 1275 1148 fontium,

170 1188 186 1229 e
213 1170 323 1244 quibus
344 1169 491 1228 Manilius
517 1171 687 1230 doctrinam
713 1188 796 1229 suam
821 1171 966 1247 hauserit,
992 1174 1090 1250 pluris
1113 1175 1275 1235 aestimem.

169 1273 261 1332 Hunc
282 1273 439 1349 Hyginum
464 1292 482 1331 a
507 1279 613 1333 nostra
634 1274 812 1349 quaestione
837 1277 1051 1335 removendum
1072 1294 1136 1337 esse
1156 1296 1275 1355 censeo,

170 1379 305 1452 quamvis
334 1377 366 1434 in
392 1377 434 1452 II,
461 1379 574 1438 25-38
600 1378 693 1437 animi
717 1378 860 1436 iudicium
883 1397 936 1437 000
956 1386 1065 1456 sponte
1087 1399 1122 1441 eo
1143 1400 1274 1458 propen-

169 1481 249 1556 deat,
279 1485 314 1539 ut
338 1480 577 1540 Astronomioon
604 1482 723 1540 auctori
750 1482 1016 1542 bibliothecarium
1040 1483 1186 1561 Augusti,
1213 1503 1273 1560 quo

128 1603 130 1607 ’
170 1585 251 1644 omni
271 1584 502 1661 disciplinarum
522 1603 641 1662 genere,
665 1586 805 1662 inprimis
826 1587 1007 1663 genealogia
1028 1593 1059 1647 et
1077 1590 1273 1666 astronomia,

169 1689 426 1766 instructioremll
455 1707 485 1749 se
510 1691 712 1766 praebuisset,
738 1709 773 1750 eo
800 1690 952 1749 notiorem
978 1691 1072 1751 fuisse
1097 1693 1274 1754 existimem.

170 1793 438 1870 Quotienscunque
469 1794 548 1852 enim
579 1795 642 1852 eius
674 1813 768 1871 opera
799 1795 925 1853 attentis
952 1796 1048 1854 oculis
1073 1796 1166 1872 volvi,
1197 1797 1275 1857 nihil

169 1915 300 1972 unquam
329 1898 403 1957 mihi
433 1898 465 1956 in
496 1900 692 1974 conspectum
721 1899 815 1974 venit,
846 1916 883 1957 ex
914 1917 973 1974 quo
1004 1899 1127 1959 illorum
1153 1917 1273 1976 quoque

168 2002 351 2061 auctoritate
372 2001 504 2059 innisum
517 2001 680 2060 Manilium
700 2019 764 2061 esse
786 2001 924 2061 efficiam:
945 2020 999 2061 nec
1019 2003 1108 2062 modo
1131 2021 1193 2061 non
1214 2003 1274 2062 sin·

53 2168 56 2173 ,
168 2105 307 2181 gularum
327 2105 485 2163 doctrinae
506 2105 640 2180 partium
660 2105 882 2181 compositione
904 2107 956 2165 sed
977 2123 1014 2165 ne
1031 2107 1138 2166 ordine
1153 2107 1273 2182 quidem

168 2214 409 2267 enumeratorum
435 2208 575 2284 siderum,
601 2227 638 2267 ne
660 2208 733 2283 quid
753 2209 850 2267 dicam
870 2209 908 2267 de
929 2210 1089 2269 verborum
1110 2210 1272 2270 sententia-

145 2329 269 2397 ·rumue
297 2311 505 2387 similitudine,
531 2311 609 2370 alter
634 2311 726 2370 hodie
751 2313 790 2371 ad
815 2313 943 2372 alterum
963 2313 1089 2373 accedit.
1131 2313 1273 2375 Ceterum
1349 2391 1351 2396 ,

167 2415 205 2474 de
229 2413 348 2493 Hygini
373 2420 472 2474 aetate
497 2415 574 2474 nihil
599 2433 725 2492 prorsus
751 2415 827 2474 certi
852 2416 997 2476 traditum
1021 2417 1122 2476 video.
1163 2417 1271 2494 Itaque

97 2571 100 2577 ,
167 2519 351 2579 clarissimos
382 2519 454 2578 illos
486 2537 562 2594 quos
593 2519 658 2578 dixi
685 2519 822 2578 homines
847 2519 886 2578 ed
912 2520 1119 2595 quaestionem
1144 2521 1181 2580 de
1206 2521 1272 2581 Ma-

167 2624 236 2683 nilii
257 2624 419 2683 scribentis
440 2628 576 2699 tempore
597 2623 770 2682 institutam
789 2625 884 2682 testes
904 2622 1072 2699 producere
1092 2628 1242 2694 vetamur„

246 2727 352 2802 Atque
372 2728 463 2786 etiam
485 2744 552 2804 spes
574 2731 695 2785 nostras
716 2725 803 2785 fallet
816 2724 1057 2785 Astronomicon
1077 2726 1150 2785 libri
1169 2727 1203 2786 II
1223 2745 1272 2788 ex·

169 2833 296 2908 ordinm,
323 2832 354 2889 in
382 2831 463 2906 qnod
488 2849 568 2889 0000
591 2831 756 2906 legentium
776 2831 893 2890 animos
913 2831 1070 2908 paulisper
1090 2839 1272 2894 convertam.

166 2939 215 2996 lbi
236 2937 315 2996 enim
335 2936 441 3012 primis
455 2935 482 2992 L
505 2935 643 2994 versibus
661 2935 697 2993 de
712 2934 869 2992 nonnullis
882 2935 983 3010 poetis
998 2935 1069 2994 inde
1083 2936 1121 2994 ab
1135 2935 1271 2996 Homero

167 3047 197 3101 et
217 3040 355 3099 Hesiodo
383 3039 540 3098 nobilibus
561 3039 606 3098 ita
625 3044 793 3113 enarratur,
820 3043 854 3096 ut
875 3042 1008 3097 extrema
1029 3038 1149 3113 quidem
1170 3039 1271 3100 oratio

166 3145 205 3203 ad
235 3144 376 3218 aequales
406 3143 530 3201 Manilii
560 3142 742 3201 descendere
772 3141 919 3201 videatur.
963 3140 1061 3201 Nemo
1092 3143 1272 3203 nominatim

167 3253 356 3320 memoratur,
388 3265 490 3306 ornnes
521 3252 621 3305 tamen
649 3245 751 3305 verbis
783 3246 857 3304 satis
888 3245 1021 3305 definitis
1051 3246 1271 3322 significantur.

165 3354 324 3430 Agnosces
350 3352 446 3428 igitur
471 3350 503 3409 in
523 3351 567 3423 ΙΙ,
593 3352 705 3410 25-238
725 3349 855 3409 Aratum
879 3349 1004 3425 eiusque
1030 3354 1061 3410 et
1080 3354 1220 3410 auctores
1241 3356 1272 3410 et

165 3458 357 3533 interpretes,
379 3455 517 3532 inprimis
535 3454 771 3513 Eratosthenem
790 3453 1054 3531 mythographum,
1075 3471 1163 3528 quem
1182 3454 1214 3511 in
1235 3455 1272 3513 li·
1301 3494 1303 3498 -

165 3561 228 3620 bris
259 3560 296 3618 de
328 3559 515 3619 astronomia
545 3559 640 3617 latine
670 3558 856 3634 expressisse
887 3557 1000 3617 dicitur
1030 3556 1173 3634 Hyginus
1204 3559 1270 3635 (cir.
1369 3618 1373 3624 ,

166 3665 225 3724 fab.
253 3664 311 3741 14),
337 3663 446 3722 deinde
468 3662 500 3720 in
521 3662 657 3720 uersibus
679 3663 792 3721 39-42
813 3660 1018 3737 Theocritum,
1044 3661 1097 3737 qui
1117 3662 1270 3739 egregium

48 3824 52 3833 ,
165 3768 381 3828 Bucolicorum
406 3765 557 3842 specimen
579 3765 720 3840 Vergilio
746 3765 897 3840 praebuit.
938 3765 1016 3823 Tum
1041 3765 1080 3844 (v.
1101 3767 1151 3844 43)
1176 3769 1271 3844 poeta

166 3890 196 3932 se
217 3872 309 3931 vertit
330 3870 368 3929 ad
388 3869 520 3928 Latinos
542 3869 636 3945 solos,
656 3872 691 3927 ut
712 3867 832 3945 opinor,
853 3868 900 3927 his
923 3869 1037 3928 verbis:

336 3982 427 4049 „Hace
447 3981 517 4035 01100
535 3980 626 4050 pictas
644 3980 769 4034 volucres
789 3983 817 4034 et
833 3980 908 4034 bella
926 3972 1052 4050 ferarum,

335 4067 384 4121 llle
404 4071 558 4122 venenatos
576 4067 681 4138 anguis,
698 4066 743 4121 hic
760 4068 828 4120 nata
845 4083 894 4136 per
911 4067 1012 4121 herbas

335 4154 407 4208 Fata
424 4155 508 4209 refert
524 4154 663 4224 vitamque
682 4169 733 4207 sna
751 4153 844 4206 radice
862 4151 983 4220 ferentis,

336 4239 407 4307 Quin
426 4242 509 4296 ctiam
528 4240 650 4294 tenebris
668 4239 983 4294 immersum·Tar·tar·on
1003 4242 1092 4293 atrum

335 4326 368 4381 ln
385 4328 474 4382 lucem
493 4327 527 4382 de
545 4330 628 4383 nocte
645 4329 748 4382 vocant
767 4327 916 4397 orbemque
934 4325 1101 4382 revolvunt.“

230 4516 252 4584 6)
271 4516 325 4573 Ob.
339 4517 489 4578 Bursiaaus
507 4517 535 4572 in
547 4515 683 4576 Fleckeis.
694 4517 769 4575 Ann.
787 4517 829 4585 93,
847 4533 875 4589 p.
893 4517 952 4574 rte.
986 4513 1009 4585 q
1029 4515 1106 4574 Suet.
1126 4513 1161 4570 de
1180 4529 1268 4588 gram.

164 4619 187 4664 0.
205 4605 246 4665 20.
