2880 5182
625 787 838 848 ..15-

182 979 254 1039 haec
279 995 352 1037 uera
376 972 543 1050 aliquando
569 971 663 1030 fuisse
688 974 841 1031 testantur
867 974 898 1029 et
919 967 1083 1029 Suetonius
1111 976 1141 1028 et
1161 969 1286 1029 Tacitus

182 1083 213 1140 in
240 1079 416 1140 enarrandis
438 1076 556 1136 Tiberii
582 1075 682 1133 robus.
722 1072 870 1149 Reperies
898 1073 978 1132 enim
1002 1072 1084 1148 apud
1105 1072 1232 1149 illum1'1)
1255 1074 1286 1131 in

180 1185 246 1246 vita
267 1183 434 1261 principis:
456 1179 565 1257 „Circa
587 1178 661 1237 deos
683 1195 718 1236 ac
737 1177 903 1252 religiones
926 1177 1152 1253 neglegentiam
1173 1177 1287 1253 qnippe

182 1288 323 1348 addictus
351 1284 578 1344 mathematicae
605 1281 875 1357 persuasionisque
901 1279 1021 1357 plenus,
1051 1288 1183 1339 cuncta
1208 1281 1287 1339 fato

182 1392 286 1469 cogi“
314 1423 351 1432 -
377 1387 458 1464 apud
485 1387 564 1445 hunc
589 1385 621 1443 in
646 1384 822 1443 Annalibus
843 1383 900 1459 VI,
926 1385 964 1442 20
989 1384 1065 1442 talia
1090 1384 1165 1444 sere:
1196 1383 1288 1460 „Gal-

182 1497 239 1554 bae
270 1490 390 1551 consuli
421 1508 516 1549 seram
548 1507 582 1548 ac
607 1489 730 1547 brevem
755 1486 925 1562 potentiam
951 1487 1136 1562 significavit
1162 1488 1289 1546 scientia

185 1595 407 1656 Chaldaeorum
440 1594 530 1669 artis,
564 1592 649 1652 cuius
683 1590 864 1667 apiscendae
899 1591 995 1649 otium
1025 1591 1107 1666 apud
1137 1590 1289 1666 Rhodum,

185 1699 361 1774 magistrum
391 1697 584 1774 Thrasyllum
618 1695 735 1769 habuit,
769 1693 910 1770 peritiam
940 1694 1005 1752 eins
1036 1698 1188 1769 expertus,
1223 1712 1289 1752 cnm

186 1801 340 1878 imperinm
371 1801 432 1878 ipsi
463 1807 495 1860 et
524 1800 627 1859 futura
657 1799 798 1858 sollerter
825 1796 1020 1873 patefaceret,
1052 1795 1288 1875 (contemplans)

185 1904 346 1981 genitalem
375 1906 540 1964 horam..
571 1903 706 1962 diem..
740 1920 851 1960 annum
873 1946 878 1958 .
903 1945 908 1958 .
939 1901 1061 1976 positus
1093 1900 1224 1959 siderum
1254 1919 1289 1958 ao

184 2009 340 2085 spatia..
364 2054 371 2069 .
413 2007 559 2083 Quaeque
585 2007 715 2078 dixerat,
741 2005 836 2064 oracli
863 2005 928 2063 viee
949 2003 1100 2079 accipiens
1122 2022 1188 2062 eum
1209 2003 1290 2061 inter

184 2111 308 2169 intimos
333 2110 497 2170 amicorum
523 2111 637 2169 tenet.“
681 2109 749 2184 Qua
776 2127 813 2168 ex
842 2107 1069 2166 narratiuncula
1095 2124 1218 2182 operam
1239 2107 1289 2165 de·

185 2215 265 2273 disse
300 2192 486 2289 astrologiae
522 2213 734 2289 cognoscimus
772 2212 929 2270 Tiberium
965 2211 1056 2270 etiam
1091 2230 1117 2269 a.
1153 2210 1192 2269 U.
1224 2212 1289 2283 786,

183 2317 349 2393 aliunde18)
385 2323 523 2393 apparet,
559 2316 735 2392 astrologos
774 2316 825 2389 qui
860 2316 1039 2374 dicebantur
1057 2313 1241 2384 ,Chaldaeos
1272 2332 1290 2372 a

183 2419 361 2480 criminibus
395 2421 470 2479 satis
501 2438 566 2479 esse
597 2419 747 2478 defensos.
789 2418 885 2477 Velut
915 2437 941 2478 a.
962 2417 1002 2477 U.
1026 2420 1091 2493 769,
1124 2435 1193 2492 quo,
1225 2435 1290 2475 cum

168 2523 265 2583 'Libo
286 2523 407 2582 Drusus
434 2541 534 2583 rerum
559 2540 706 2583 novarum
726 2539 794 2580 reus
815 2539 906 2580 causa
926 2521 1094 2596 cecidisset,
1120 2522 1200 2581 facta
1221 2531 1291 2580 sunt

183 2627 221 2687 de
250 2626 471 2687 mathematicis
504 2627 537 2704 (i.
564 2645 588 2685 e.
617 2626 798 2702 astrologis)
832 2626 987 2702 magisque
1017 2625 1110 2684 Italia
1138 2624 1290 2702 pellendis

184 2734 307 2790 senatus
328 2725 480 2805 consulta,
501 2730 643 2806 princeps
667 2730 733 2805 ipse
754 2728 868 2788 amicos
890 2731 934 2788 sic
948 2729 1069 2788 videtur
1090 2745 1236 2803 seruasse,
1257 2735 1291 2787 ut

185 2852 285 2894 coram
315 2833 551 2910 deprecantibus
576 2851 612 2893 cc
639 2851 690 2909 „se
720 2839 815 2891 artem
842 2833 1015 2892 desitnr0s“
1041 2832 1290 2908 promittentibus

185 2937 304 2995 veniam
337 2934 468 3004 daret¹⁹l
519 2936 583 2995 Ubi
618 2936 741 2996 tandem
776 2937 811 2995 de
848 2935 1017 2995 Octaviano
1054 2937 1218 3011 quidquam
1252 2934 1290 2993 si-

124 3109 126 3112 .
188 3039 276 3100 milei

264 3142 352 3203 Adde
380 3144 462 3219 quod
489 3143 631 3203 Tiberius
658 3145 723 3221 ipse
749 3144 921 3221 composuit
948 3150 978 3203 et
1000 3143 1147 3202 Latinum
1172 3161 1292 3202 carmen

101 3306 104 3313 ,
186 3247 312 3324 lyricum
341 3253 372 3307 et
404 3246 521 3307 Graeca
550 3253 701 3325 poemata,
732 3247 869 3306 imitatus
900 3247 1130 3323 Euphorionem
1160 3255 1191 3306 et
1215 3244 1291 3304 Rhi-

185 3369 275 3410 anum
307 3358 339 3410 et
371 3350 571 3410 Parthenium
598 3397 604 3410 .
631 3397 638 3410 .
666 3397 672 3410 .
700 3397 706 3409 .
742 3356 946 3427 quapropter,
980 3357 1015 3409 ut
1048 3352 1093 3409 ait
1126 3349 1292 3409 Suetonius

186 3454 237 3530 (T.
258 3473 282 3514 c.
304 3453 353 3531 70)
374 3455 514 3532 plerique
542 3455 731 3516 eruditorum
756 3453 895 3514 certatim
921 3453 960 3512 od
986 3472 1051 3514 eum
1072 3454 1167 3514 multa
1187 3454 1292 3513 dehis

185 3557 356 3617 ediderunt.
1021 3552 1026 3577 '

264 3660 348 3735 Quae
380 3663 481 3722 omnia
511 3661 664 3738 complexi
689 3660 864 3721 coniectura
892 3679 993 3721 nonne
1020 3681 1055 3721 eo
1082 3662 1227 3737 ducimur,
1258 3665 1292 3719 ut

186 3764 343 3824 Tiberium
362 3766 583 3843 persentiamus
601 3765 633 3822 in
647 3765 852 3824 astronomiae
867 3765 977 3823 studiis
991 3766 1147 3825 adamasse
1160 3766 1292 3824 Aratum

185 3868 344 3929 Euclidem
370 3868 584 3946 Hipparchum
616 3867 693 3926 alios
719 3867 940 3928 Alexandrinis
973 3887 1048 3944 quae
1079 3877 1191 3929 vocant
1219 3873 1292 3929 tem·

186 3973 311 4047 poribus
332 3974 369 4033 de
390 3973 445 4030 illa
465 3975 531 4030 arte
545 3972 622 4030 bene
637 3969 783 4031 meritos?
818 3972 927 4046 itaque
942 3973 1006 4032 sine
1020 3974 1085 4032 ulla
1098 3974 1292 4033 dubitatione

185 4076 424 4136 confirmaverim
454 4076 535 4134 inter
567 4075 704 4134 eruditos
736 4074 816 4146 illos,
848 4094 924 4151 quos
950 4078 989 4136 ad
1016 4077 1173 4137 Tiberium
1199 4094 1292 4152 opera

184 4179 302 4239 misisse
325 4178 491 4239 Suetonius
518 4183 673 4255 memorat,
700 4196 766 4237 cum
786 4178 912 4240 Pedone
939 4180 1136 4256 ‚‚aidereo“2⁰)
1165 4185 1196 4240 et
1217 4178 1291 4238 Ger·

252 4427 284 4493 ¹⁷)
307 4429 369 4486 Tib.
393 4445 417 4485 c.
439 4431 481 4486 69.
524 4427 577 4484 cn.
600 4429 664 4484 Tib.
689 4444 713 4484 c.
737 4431 778 4484 14.
820 4428 1115 4496 0fr.Man.11‚144.
1156 4425 1208 4492 IV,
1231 4427 1291 4482 871.
1367 4471 1370 4477 ,

184 4511 216 4582 ¹⁸)
240 4513 354 4583 A.111‚
379 4517 421 4572 22.
449 4515 697 4582 titulantes.
750 4514 783 4586 ¹9)
808 4515 885 4571 Suet.
909 4515 971 4570 Tib.
993 4517 1035 4569 36.
1078 4512 1133 4568 Gir.
1156 4513 1232 4568 Man.
1255 4511 1292 4580 11,

186 4601 244 4654 109.
265 4602 321 4656 110.
356 4602 389 4670 Ν)
407 4603 451 4657 Ex
469 4603 561 4658 ¹Ponto
580 4601 633 4669 IV,
653 4604 695 4670 16,
712 4605 737 4657 4.
