2880 5182
609 348 820 460 ..53-

163 587 325 660 uestigium
345 585 465 644 minime
488 584 617 659 quadrat
637 585 669 641 in
689 583 784 641 ullum
804 599 918 655 eorum,
939 599 1015 656 quae
1036 583 1098 641 alia
1117 583 1166 640 via
1180 588 1272 642 antea

165 691 254 749 nobis
281 692 428 766 obtigere.
468 689 582 747 Verum
607 694 707 746 tamen
736 687 762 743 si
784 683 888 760 quis*)
915 686 1079 761 probatum
1100 704 1165 746 esse
1186 687 1271 755 velit,

163 797 295 869 poetam,
320 794 356 852 de
384 810 442 867 quo
469 793 595 867 agimus,
621 791 675 848 illa
698 789 803 848 Ovidii
829 807 923 864 opera
949 807 1011 848 non
1039 790 1138 849 solum
1158 790 1271 866 legisse

165 897 217 954 sed
244 901 387 970 quantum
408 895 553 971 potuerit,
579 896 717 952 insnum
738 911 823 950 usum
843 891 1019 968 contulisse,
1045 893 1116 952 huie
1135 894 1272 953 testimo·

165 1000 224 1074 nia,
247 1017 322 1073 quae
344 1017 379 1057 eo
400 998 555 1074 pertinent
576 997 701 1072 optima,
720 999 894 1071 proponere
915 1015 977 1054 non
997 997 1116 1056 dubito.

242 1103 279 1158 In
300 1101 589 1177 Metamorphoseon
614 1099 742 1159 exordio
771 1099 841 1158 inde
868 1098 979 1176 aXV,
1006 1103 1061 1161 751
1088 1100 1274 1177 descriptam

165 1205 293 1280 legimus
314 1205 497 1280 apotheosin
520 1202 553 1263 O.
570 1203 647 1262 Julii
664 1202 802 1262 Caesaris
823 1202 1002 1278 additasque
1025 1204 1063 1262 ad
1083 1203 1162 1262 hanc
1180 1205 1275 1263 maxi·

165 1326 227 1366 mas
248 1307 409 1366 Octaviani
433 1307 547 1365 laudes.
579 1307 765 1382 „Praecipue
788 1306 956 1382 Gaesarem,
986 1308 1087 1382 iuquit
1111 1311 1214 1384 poeta,
1241 1308 1274 1365 in

166 1412 248 1470 sidus
269 1430 380 1471 novum
401 1410 578 1484 stellamque
600 1416 766 1469 comantem
787 1411 879 1468 vertit
899 1429 952 1469 sua
970 1412 1148 1488 progenies}
1176 1429 1275 1487 neque

164 1515 243 1572 enim
263 1515 299 1573 de
323 1514 461 1573 Caesaris
482 1516 559 1572 actis

318 1625 411 1681 Ullum
429 1626 518 1679 maius
537 1641 614 1694 opus,
634 1642 718 1695 quam
736 1625 809 1695 quod
828 1630 910 1696 pater
928 1627 1036 1681 exstitit
1053 1627 1140 1681 huius.

318 1754 324 1767 .
344 1753 350 1766 .
370 1754 376 1767 .
396 1713 450 1766 hoc
468 1711 599 1781 praeside
617 1727 706 1764 rerum

318 1799 449 1852 Humano
469 1797 570 1866 generi,
588 1798 688 1866 superi,
706 1797 813 1852 favistis
834 1799 951 1853 abunda.

318 1884 362 1938 Ne
381 1883 452 1937 foret
469 1884 514 1936 hic
531 1883 614 1952 igitur
632 1883 741 1937 mortali
759 1884 863 1938 semine
885 1887 984 1952 cretus,

321 1970 386 2025 Illa
405 1971 487 2024 deus
506 1969 690 2023 faciendus
709 1973 793 2024 erat.

232 2059 292 2112 816.
320 2058 376 2111 Hic
394 2072 445 2110 sua
465 2055 619 2126 complevit,
638 2072 688 2125 pro
707 2072 760 2125 quo
781 2054 919 2126 Cytherea
936 2058 1058 2126 laboras,

323 2144 465 2213 Tempora
483 2142 613 2211 perfectis
632 2157 699 2211 quos
718 2145 808 2196 terrae
828 2143 923 2196 debuit
941 2147 1028 2201 annis.

318 2229 362 2283 Ut
381 2228 462 2282 deus
481 2227 646 2294 accedat,
664 2228 743 2281 caelo
761 2229 927 2299 templisque
944 2230 1060 2299 locetur,

319 2315 367 2368 Tu
385 2313 494 2367 facies
513 2315 683 2382 natusque
702 2329 789 2367 suus.

233 2403 291 2456 832.
319 2402 409 2455 Pace
428 2400 496 2453 data
514 2399 593 2453 terris
613 2399 731 2452 animum
751 2399 787 2453 ad
807 2399 897 2454 civilia
914 2405 1004 2456 vertet

318 2487 382 2542 Iura
401 2503 478 2541 suum
496 2485 661 2555 legesque
680 2485 773 2538 ieret
791 2486 1007 2543 iustissimus
1026 2495 1148 2546 auctor

317 2573 509 2643 Exemploque
528 2588 578 2625 suo
597 2587 686 2625 mores
705 2574 783 2641 reget
801 2571 882 2640 inque
901 2570 984 2625 futuri

319 2659 465 2729 Temporis
486 2662 607 2712 aetatem
625 2662 856 2728 venturorumque
875 2662 1007 2727 nepotum

318 2745 493 2816 Prospiciens
510 2745 641 2815 prolem
661 2748 758 2798 sancta
777 2745 811 2798 da
830 2744 946 2822 coniuge
965 2749 1060 2801 natam

320 2829 426 2885 Ferro
445 2831 545 2886 simul
562 2848 752 2900 nomenque
771 2846 864 2885 suum
884 2846 1054 2902 curasque
1072 2835 1218 2904 iubebit,

318 2917 389 2986 Nec,
406 2918 459 2971 nisi
477 2934 537 2971 cum
556 2918 647 2972 senior
665 2917 768 2971 similes
788 2918 949 2986 aequaverit
968 2934 1066 2986 annos,

320 3004 515 3057 Aethereas
534 3004 632 3058 sedes
652 3007 870 3073 cognataque
890 3003 1008 3058 sidera
1025 3009 1158 3076 tanget3

405 3107 514 3160 semper
533 3088 671 3160 Capitolia
688 3094 783 3144 nostra
801 3091 943 3160 forumque

319 3176 423 3230 Divus
443 3178 479 3229 ab
499 3175 611 3230 excelsa
629 3178 790 3245 prospectet
806 3176 897 3230 Julius
917 3178 999 3232 aede!

234 3265 293 3319 850.
321 3263 432 3317 Stella
449 3263 557 3316 micat
575 3263 688 3332 natique
707 3263 801 3317 videns
820 3263 891 3316 bene
910 3263 986 3318 facta
1004 3265 1107 3318 fatetur

320 3350 391 3404 Esse
410 3350 465 3405 suis
483 3350 587 3404 maiora
605 3353 633 3404 et
650 3350 740 3404 vinci
759 3350 893 3419 gaudet
911 3351 951 3405 ab
969 3350 1039 3405 illo.

321 3436 377 3490 Hic
398 3452 459 3490 suo
476 3437 646 3506 praeferri
665 3453 867 3506 quamquam
887 3440 984 3491 vetat
1003 3440 1083 3491 acta
1101 3439 1276 3508 paternis,

320 3521 496 3576 -fama-
516 3523 628 3577 invitum
647 3523 776 3592 praefert.

233 3609 292 3663 858.
320 3608 366 3663 Sic
384 3612 413 3662 et
431 3607 563 3665 Saturnus
583 3609 669 3663 minor
688 3612 731 3662 est
748 3609 829 3663 Jove.
864 3610 995 3679 iuppiter
1013 3627 1091 3666 arcos

322 3695 474 3763 Temperat
493 3694 632 3748 aetherias
652 3697 680 3747 et
697 3695 790 3757 mundi
810 3711 896 3764 regna
913 3695 1044 3751 biformis.

323 3782 427 3836 Terra
445 3784 505 3836 sub
524 3783 690 3851 Augusto.
725 3783 831 3835 Pater
848 3786 902 3836 est
920 3785 953 3835 et
970 3785 1085 3836 rector
1103 3785 1256 3853 uterque.

323 3868 418 3922 Tarda
436 3868 473 3921 sit
489 3868 537 3922 illa
555 3868 614 3922 dies
633 3871 661 3922 et
679 3872 773 3923 nostro
792 3868 877 3922 serior
896 3883 973 3935 aevo,

322 3954 383 4021 Qua
402 3959 487 4024 caput
504 3956 670 4026 Augustum,
688 3971 768 4025 quem
786 3956 932 4025 temperat,
951 3955 1016 4009 orbe
1035 3954 1132 4010 relicto

321 4040 483 4094 Accedat
502 4041 601 4096 caelo
620 4042 768 4111 faveatque
786 4041 963 4111 precantibus
983 4041 1115 4112 absumi)

167 4149 370 4168 ...-—---·

236 4211 264 4282 l)
282 4211 402 4279 Respice
420 4229 448 4284 p.
465 4214 482 4268 9
502 4215 571 4269 extr.
608 4211 629 4283 ¹)
649 4212 702 4269 Gir.
723 4212 774 4271 Ov.
793 4213 879 4269 Trist.
896 4212 933 4282 11,
953 4215 975 4270 1.
994 4215 1035 4270 39.
1056 4215 1117 4286 14⁷3
1140 4215 1179 4286 V,
1197 4218 1221 4272 1.
1238 4216 1273 4272 49
