2880 5182
616 833 827 894 „19-

148 1021 263 1080 ¹minus
287 1019 370 1079 sidus
391 1019 524 1079 omnium
544 1019 757 1095 Augustorum
776 1014 870 1073 fuisse
889 1014 1024 1074 dicamus
1045 1015 1185 1090 civesque
1208 1033 1270 1076 cre·

166 1124 279 1182 didisse
304 1123 394 1181 unius
421 1123 568 1196 cuiusque
594 1121 722 1179 animam
747 1137 783 1178 eo
810 1119 932 1177 evolare
959 1123 1050 1193 atque
1071 1119 1158 1177 utin
1180 1120 1270 1178 terris

165 1228 209 1286 sic
234 1228 266 1284 in
294 1227 379 1286 caelo
405 1226 540 1302 principi
565 1224 734 1302 principem
760 1221 927 1281 succedere.
966 1221 1045 1281 Nam
1072 1226 1107 1281 ut
1132 1223 1211 1281 infra
1239 1224 1271 1281 in

165 1331 190 1406 I,
218 1333 274 1392 799
302 1334 358 1405 est,
384 1329 507 1405 „proles
528 1327 613 1387 Julia
633 1326 790 1386 descendit
810 1327 894 1385 caelo
916 1327 1090 1402 caelumque
1110 1327 1271 1403 replevit“,

165 1438 257 1507 atque
278 1438 404 1491 auctore
427 1430 538 1490 Ouidio
561 1431 700 1491 Caesaris
720 1449 767 1489 res
788 1434 891 1506 gestae
913 1448 979 1490 eum
1006 1432 1057 1504 „in
1079 1431 1187 1490 sidus
1206 1449 1271 1490 ver-

166 1541 230 1595 tere
262 1554 374 1594 novum
405 1537 582 1610 stellamque
612 1536 809 1595 comantem“.
857 1533 925 1608 Quo
955 1535 1060 1611 posito
1091 1553 1179 1594 nemo
1212 1535 1273 1593 iam

169 1639 310 1698 haerebit
332 1639 363 1696 in
385 1658 470 1700 versu
492 1644 626 1699 extremo
649 1636 776 1715 legens!

297 1741 420 1808 „Caesar
436 1758 525 1797 nnnc
542 1743 631 1809 terris,
650 1744 729 1811 post
749 1741 825 1795 eaelo
845 1741 981 1796 maximus
1000 1742 1153 1809 anctor“,

172 1846 224 1905 sed
245 1847 302 1905 etsi
322 1847 366 1905 ibi
392 1846 529 1906 adulatio
556 1853 617 1904 tam
643 1846 705 1904 late
732 1848 827 1921 patet,
853 1849 889 1905 ut
914 1847 1078 1920 quemlibet
1103 1846 1289 1922 principem¹

170 1951 310 2027 attingat,
331 1957 432 2010 tamen
453 1969 515 2010 non
536 1951 695 2026 ignorans,
719 1954 863 2022 quantum
884 1949 916 2006 in
936 1949 1157 2025 cognoscendis
1178 1950 1272 2008 caele·

170 2053 265 2112 stibus
291 2055 380 2112 rebus
407 2054 574 2129 profecerit
594 2052 745 2127 Tiberius,
771 2051 870 2127 huius,
897 2053 1011 2128 quippe
1037 2053 1086 2111 cui
1106 2053 1183 2112 bene
1204 2071 1273 2112 eon-

170 2157 294 2216 veniant
312 2158 424 2233 omnia,
444 2157 617 2216 memoriam
638 2155 863 2231 redintegrabit
883 2155 942 2214 hoc
962 2156 1024 2214 fere
1044 2156 1150 2215 modo:
1177 2155 1215 2214 In
1236 2157 1274 2215 si-

168 2258 238 2317 dere
252 2258 406 2335 Angusto,
428 2259 512 2318 euius
528 2278 640 2318 summa
655 2261 686 2317 in
702 2261 785 2319 caelo
802 2260 847 2317 vis
867 2260 1094 2334 auctoritasque
1115 2266 1171 2337 est,
1193 2279 1272 2319 nunc

166 2368 275 2438 regnat
290 2360 487 2438 Octavianus,
508 2364 540 2421 in
556 2365 629 2422 orbe
643 2367 790 2423 terrarum
810 2369 853 2439 tu,
875 2362 995 2437 Tiberi3
1018 2363 1070 2422 sed
1091 2368 1126 2421 ut
1145 2364 1274 2439 primum

167 2466 247 2524 diem
269 2483 439 2541 supremum
460 2467 583 2543 obieris,
608 2471 682 2543 post
705 2470 823 2543 patrem
849 2485 994 2526 summum
1018 2467 1093 2526 caeli
1116 2467 1274 2543 imperium

170 2569 334 2629 obtinebis.

246 2671 387 2731 Ceterum
407 2672 466 2731 hoc
486 2673 554 2731 loco
577 2672 800 2732 animadvertas
821 2674 861 2732 sis
875 2674 1038 2733 Manilium
1052 2674 1154 2734 verbis
1169 2673 1272 2734 ludere

169 2775 285 2853 iisdem,
312 2777 422 2851 quibus
447 2777 484 2835 de
506 2777 631 2836 Tiberio
658 2778 724 2854 ipse
740 2785 870 2852 ¹quoque
893 2776 1022 2836 Ovidius
1047 2778 1078 2834 in
1100 2777 1204 2837 Fastis
1236 2779 1275 2857 (Ι,

170 2879 335 2956 608-616)
357 2880 466 2940 Jovem
487 2881 646 2940 invocans:

333 2984 491 3053 „Augeat
508 2986 651 3055 imperium
669 2985 756 3040 nostri
774 2985 859 3051 ducis,
879 2988 980 3054 augeat
998 2986 1112 3039 annos'‘.

267 3086 336 3146 Jam
361 3105 433 3147 vero
460 3089 492 3147 in
517 3089 616 3149 sidere
637 3087 782 3164 Angusto
808 3089 923 3147 animas
945 3087 1049 3147 Juliae
1071 3089 1171 3165 gentis
1191 3089 1275 3148 habi·

171 3194 236 3247 tare
260 3193 350 3263 atque
375 3190 446 3250 inde
471 3192 611 3269 principe
631 3193 774 3268 Augusto
796 3198 894 3251 totum
915 3192 1029 3250 caelum
1050 3210 1154 3269 regere
1178 3195 1275 3254 multo

171 3290 281 3349 clarius
306 3298 435 3369 apparet
457 3312 494 3353 ex
515 3312 550 3354 eo
572 3296 651 3370 loeo,
673 3294 753 3354 unde
772 3294 985 3353 Lachmannus
1007 3296 1196 3368 quaestionis
1218 3298 1274 3355 ini-

171 3394 246 3452 tium
272 3396 409 3471 sumpsit.
450 3397 561 3457 Exstat
587 3403 688 3457 autem
709 3397 789 3457 inter
813 3416 932 3457 versum
953 3398 978 3473 I,
1005 3401 1061 3458 798
1082 3404 1112 3458 et
1132 3402 1198 3476 804,
1225 3400 1277 3460 ubi

174 3512 319 3570 quaenam
348 3516 396 3557 res
427 3518 445 3558 a
475 3501 539 3559 fato
572 3501 603 3559 in
635 3501 792 3559 stellarum
818 3501 991 3559 numinibus
1019 3501 1170 3561 collocato
1197 3503 1278 3579 apnd

175 3597 308 3660 Graecos
338 3607 368 3661 et
393 3601 550 3663 Romanos
582 3605 641 3664 iam
671 3605 827 3680 praeclare
859 3611 964 3680 gestae
992 3605 1055 3664 sint
1079 3611 1127 3664 sat
1153 3607 1277 3683 copiose

174 3719 319 3763 enarrans
340 3722 407 3766 cnm
427 3707 523 3766 multa
542 3714 635 3783 poeta
656 3707 780 3783 scripsit
800 3714 864 3766 tum
883 3708 972 3766 haec:

701 3809 836 3877 „Veneris
855 3812 890 3865 ab
910 3811 1013 3879 origine
1032 3809 1124 3882 proles

344 3893 421 3950 Julia
438 3895 581 3950 descendit
599 3888 677 3950 caelo
696 3895 886 3966 caelumque
904 3897 1071 3967 replevit,

345 3980 425 4048 Quod
442 3983 514 4050 regit
525 3981 668 4052 Augustus
686 3982 784 4037 socio
803 3998 852 4052 per
865 3983 944 4052 signa
957 3984 1123 4052 Tonante,

349 4066 443 4122 Gemit
460 4073 489 4122 et
506 4068 534 4121 in
554 4071 632 4122 coeto
650 4067 749 4121 Divum
768 4084 951 4140 magnumque
971 4068 1118 4139 Quirinum,

347 4152 441 4207 Altius
460 4155 582 4208 aetherei
601 4170 682 4223 quam
701 4153 802 4207 candet
821 4155 938 4211 circulus
958 4156 1039 4210 orbis.

349 4236 402 4292 Illa
420 4237 520 4292 deum
539 4239 629 4304 sedes,
648 4240 719 4293 haec
736 4239 773 4292 illi
791 4241 919 4310 proxima
935 4241 1066 4310 Dirum,

349 4322 402 4390 Qui
420 4324 520 4378 virtute
539 4342 590 4381 sua
607 4326 711 4381 similes
729 4326 847 4396 vestigia
864 4328 1007 4396 tangunt“.

253 4427 338 4503 Quae
369 4429 463 4487 rerba
493 4428 552 4488 iam
584 4427 742 4507 Scaligero
774 4430 951 4507 ceterisque,
982 4430 1034 4505 qui
1064 4447 1182 4490 carmen
1212 4436 1283 4492 ante

178 4537 304 4590 mortem
329 4530 466 4608 Augusti
494 4533 642 4610 scriptum
665 4552 731 4595 esse
757 4534 879 4594 aliunde
907 4534 1088 4611 cognovisse
1115 4534 1174 4594 sibi
1200 4535 1283 4595 vide·

178 4634 300 4712 bantur,
329 4637 491 4698 maximum
519 4635 689 4698 iniecerunt
718 4640 901 4717 scrupulum.
949 4637 1059 4715 Quare,
1090 4638 1191 4714 inquit
1219 4638 1283 4714 ille,

1096 4748 1130 4808 2*
