2880 5182
621 382 833 443 ..26-

183 567 289 644 opinio
315 566 424 644 populi
450 565 591 643 Romani,
623 585 753 626 summus
777 567 836 625 fuit
864 565 1052 627 Octavianus
1080 569 1284 646 crediturque,

179 676 213 729 ut
234 689 326 747 supra
346 670 508 746 explicavi,
529 689 591 728 non
613 671 703 729 modo
724 671 811 729 vivus
834 671 901 729 orbi
923 676 1070 730 terrarum
1086 672 1216 731 feliciter
1230 674 1282 731 im·

178 792 310 851 perasse,
341 792 444 832 verum
474 775 565 832 etiam
591 774 679 832 diuus
706 775 738 831 in
764 774 880 835 Julium
907 776 970 834 sive
997 775 1172 852 Augustum
1198 777 1282 836 sidus

180 878 278 935 elatus
305 878 388 935 caelo
416 895 565 953 praeesse.
608 877 676 952 Qua
702 879 737 936 de
762 896 852 936 causa
873 879 957 936 nulla
976 896 1104 954 prorsus
1125 874 1205 938 ratio
1226 897 1283 938 nos

180 981 265 1056 cogit
286 997 404 1038 versum
425 981 481 1040 935
501 981 546 1039 ita
566 980 772 1056 interpretari,
793 984 827 1040 ut
842 981 1018 1056 Augustum
1039 982 1119 1041 inter
1138 983 1283 1042 mortales

179 1084 278 1142 adhuc
302 1084 425 1159 morari,
448 1090 557 1160 postea
582 1090 681 1143 autem
708 1102 763 1143 sua
786 1085 883 1160 ipsius
904 1086 1003 1144 anima
1023 1088 1137 1145 caelum
1157 1087 1283 1160 amplifi-

179 1192 315 1246 caturum
343 1204 408 1246 esse
433 1188 577 1246 11666166.
618 1187 710 1246 Η661
735 1188 814 1246 enim
840 1189 902 1247 scio
929 1207 968 1246 an
994 1189 1078 1248 nefas
1104 1190 1145 1249 sit
1169 1193 1284 1248 tantam

179 1295 289 1366 poetae
305 1290 366 1348 vim
380 1289 494 1365 afferre,
515 1296 550 1349 ut
564 1292 630 1350 sub
644 1290 874 1367 praepositione
889 1309 944 1349 suo
959 1291 1023 1349 1616
1038 1309 1105 1350 6616
1118 1310 1204 1352 66661
1218 1311 1284 1351 6666

184 1412 250 1452 6661
262 1393 380 1452 Jacobo
392 1392 434 1470 (p.
448 1392 517 1468 222)
529 1412 680 1469 negemus.
704 1394 800 1467 Quam
815 1395 952 1453 voculam
966 1395 1038 1453 11661
1052 1395 1127 1453 mira
1137 1397 1284 1455 varietate
1315 1445 1318 1450 .

181 1498 248 1555 loco
257 1497 385 1555 aliarum
396 1498 571 1574 protulerit,
582 1502 683 1557 tamen
695 1498 767 1573 quid
775 1497 880 1557 addita
887 1499 1285 1575 aliquapersonasignificet

181 1600 305 1660 dubium
326 1619 388 1659 uon
410 1607 465 1675 est,
488 1601 630 1674 quoniam
650 1602 726 1659 bene
748 1601 969 1678 intelleguntur
989 1602 1014 1676 Ι,
1036 1604 1105 1661 9251
1126 1602 1167 1660 611
1187 1601 1285 1661 Roma

180 1706 245 1763 sub
268 1704 340 1763 illo
355 1704 464 1780 -1V,
486 1707 535 1763 23:
558 1705 653 1763 Troia
674 1705 739 1762 sub
761 1723 831 1762 uuo
854 1723 915 1763 non
937 1723 1041 1764 eversa
1061 1706 1157 1765 viro:
1179 1723 1284 1781 nempe

180 1809 284 1867 eodem
314 1813 415 1885 pacto,
448 1827 507 1883 quo
538 1809 620 1885 apud
647 1807 789 1866 Ovidium
821 1807 918 1882 (Fast.
943 1807 1001 1882 IV,
1031 1807 1211 1882 857-862);
1243 1809 1284 1867 616

178 1931 287 1989 magno
320 1914 375 1971 sub
404 1911 533 1971 Caesare
565 1929 689 1987 semper.
738 1910 868 1970 Constat
899 1911 995 1986 igitur
1020 1912 1058 1969 ab
1083 1912 1140 1970 hac
1166 1912 1285 1986 quidem

179 2022 277 2093 parte,
299 2017 380 2090 quod
400 2017 570 2093 posuimus:
592 2021 705 2073 crescet
725 2015 839 2073 caelum
854 2015 1022 2090 imperante
1036 2016 1190 2091 Augusto.
1220 2013 1286 2075 Neo

181 2124 281 2178 tamen
309 2125 464 2195 spectante
485 2118 571 2176 uerbi
592 2117 689 2176 forma
709 2118 748 2175 ad
768 2118 901 2176 futurum
922 2124 1040 2194 tempus
1060 2136 1221 2194 possumus
1241 2118 1286 2176 11-

183 2221 319 2281 16116616
347 2221 532 2281 0616116666
563 2221 686 2278 1116666
721 2220 819 2279 adhuc
849 2220 932 2280 orbis
959 2227 1106 2281 terrarum
1133 2240 1172 2280 an
1197 2220 1285 2281 divus

180 2326 257 2386 caeli
281 2326 486 2403 principatum
512 2324 659 2382 obtineat.
700 2324 816 2383 Versus
837 2324 926 2399 enim,
952 2325 1004 2399 qui
1024 2330 1178 2400 postremo
1200 2341 1286 2401 prae-

178 2431 274 2490 cedit:

336 2533 413 2602 „Iam
432 2530 500 2585 facit
517 2530 577 2599 ipse
597 2530 664 2584 deos
683 2530 820 2600 mittitque
839 2531 873 2584 ad
893 2530 985 2584 sidera
1003 2531 1119 2584 numen“

183 2638 221 2696 ad
248 2641 406 2713 utramque
434 2635 616 2695 sententiam
641 2635 730 2694 facile
756 2637 1013 2695 accommodatur:
1041 2654 1109 2695 nam
1129 2638 1287 2713 Augustus

183 2742 249 2817 ipsa
270 2742 364 2800 16116
386 2759 510 2800 numero
532 2757 645 2813 eorum,
667 2738 719 2813 qui
739 2738 813 2798 deos
834 2739 941 2797 fecisse
962 2740 1286 2814 161661666616066·

182 2845 258 2902 saris
285 2845 383 2919 patris
409 2844 538 2902 animam
562 2845 707 2919 poscente
734 2847 840 2900 senatu
866 2842 1044 2918 populoque
1065 2843 1144 2902 inter
1164 2846 1288 2904 numina

180 2947 301 3006 rettulit
321 2965 356 3004 66
377 2947 513 3022 fulgente
534 2965 589 3022 per
610 2948 724 3020 septem
744 2945 809 3003 dies
830 2944 993 3003 continuos
1015 2945 1105 3003 stella
1125 2945 1235 3005 crinita
1249 2948 1288 3006 ad

181 3049 284 3108 sidera
304 3049 397 3124 misit,
420 3049 536 3123 quade
557 3066 589 3106 re
605 3046 734 3107 Ovidius
755 3048 852 3106 edidit
873 3048 959 3123 (Met.
982 3046 1072 3123 VIII,
1087 3050 1287 3110 818-Fast

178 3152 221 3227 ΙΙ,
249 3152 333 3229 143);

387 3255 443 3322 „Ut
463 3255 530 3309 1666
550 3254 668 3308 6666161
689 3255 767 3309 66616
785 3254 950 3325 templisque
969 3255 1081 3322 locetur,

387 3341 430 3394 Tu
450 3341 518 3408 (scil.
535 3340 642 3404 Venus)
660 3338 774 3394 166166
793 3344 930 3409 natusque
949 3342 1030 3395 suus“

180 3451 211 3505 et

440 3547 662 3616 „Caelestem
681 3546 767 3601 iecit
785 3546 846 3601 ille
864 3547 1025 3616 patrem“.

183 3669 258 3744 Nec,
290 3670 349 3727 nisi
380 3669 502 3727 aliunde
533 3667 650 3743 aliquid
681 3667 757 3726 16616
788 3667 938 3742 afferetur,
968 3667 1000 3724 in
1027 3669 1163 3727 tenebris
1188 3686 1289 3727 errare

187 3776 271 3852 prius
297 3774 476 3847 desinemus,
510 3789 598 3846 quam
625 3770 764 3845 neglecto
790 3775 948 3847 poetarum
973 3770 1039 3829 1616
1064 3769 1138 3830 1666
1165 3790 1289 3830 6616616

183 3883 344 3954 tantopere
373 3875 585 3954 presserimus,
617 3878 651 3931 ut
682 3873 749 3947 quis
779 3873 869 3932 homo
900 3875 1003 3950 plures
1035 3873 1109 3932 deos
1142 3875 1290 3934 creaverit

183 3998 325 4055 quaerere
357 3998 413 4039 nos
444 3983 594 4054 oporteat.
641 3975 718 4034 Tum
747 3974 865 4035 demum
897 3977 974 4036 alius
1001 3976 1289 4053 circumspiciendus

180 4082 253 4152 erit,
291 4083 343 4158 qui
372 4082 517 4159 Augusto
554 4079 674 4139 saeculo
712 4078 886 4141 caelestium
924 4090 1042 4139 coetum
1077 4078 1197 4139 auxisse
1227 4087 1288 4143 tra-

173 4186 274 4249 datur.
