2880 5182
663 360 875 423 ...60-

213 551 245 608 et
264 550 324 615 ΙΠ,
352 550 513 626 iil-154,
538 548 592 607 nbi
613 547 726 608 (laesor
752 549 791 609 oh
817 548 967 608 rationem
994 552 1164 624 temporum
1183 548 1323 608 emenda·

213 659 274 713 tam
294 655 449 715 landatur:
1031 645 1034 656 ’

366 791 430 847 Non
447 793 518 846 haec
535 791 597 846 ille
618 790 701 846 dens
719 794 870 861 tantaeque
889 790 1048 862 propaginis
1067 795 1162 846 auctor

409 878 533 934 Credidit
551 880 647 934 officiis
666 895 726 933 esse
744 878 849 932 minora
867 879 931 945 suis,

366 964 586 1037 Promissumque
605 967 659 1021 sibi
676 966 762 1020 voluit
780 981 1012 1036 praenoscere
1031 964 1164 1042 caelum

402 1051 464 1107 Nec
482 1053 550 1107 deus
569 1055 680 1123 ignotas
697 1053 800 1123 hospes
818 1052 885 1105 inire
905 1052 1011 1107 domos.

212 1184 253 1243 ad
275 1201 350 1259 qnae
372 1182 510 1242 conferas
532 1182 573 1240 sis
595 1200 632 1241 ex
652 1180 879 1240 Astronomicis
899 1178 959 1256 ΙΙΙ,
982 1180 1047 1255 115,
1070 1183 1139 1240 116;

367 1318 433 1386 Quis
452 1319 585 1374 caelum
603 1319 693 1389 possit
710 1318 763 1372 nisi
781 1317 851 1373 caeli
869 1333 980 1370 munere
998 1333 1099 1371 nosse

400 1408 438 1460 Et
455 1406 574 1476 reperire
592 1405 682 1472 deum,
699 1405 752 1458 nisi
769 1420 853 1474 pars
871 1405 930 1474 ipse
950 1404 1084 1458 deornm
1103 1407 1162 1459 est?

211 1536 277 1596 Alii
311 1537 389 1613 loci,
424 1536 534 1612 quibus
564 1536 711 1596 Manilius
743 1554 809 1596 cum
826 1534 953 1615 ,Ouidio
985 1536 1159 1612 conspirare
1189 1535 1320 1612 ridetur,

212 1646 296 1700 sunt:

265 1771 290 1836 1)
309 1767 400 1824 Fast.
413 1767 435 1834 1,
456 1770 500 1822 17:
526 1767 571 1822 Da
591 1767 657 1821 milri
674 1770 702 1820 te
721 1765 869 1837 placidum,
887 1765 1024 1820 dederis
1042 1766 1070 1820 in
1089 1767 1210 1822 carmina
1227 1767 1318 1822 vires

308 1854 436 1921 Astal,
450 1856 494 1909 10:
521 1855 590 1908 Das
615 1853 734 1908 animum
757 1853 921 1922 viresque
943 1853 1012 1907 facis
1037 1855 1072 1908 ad
1093 1858 1173 1908 tanta
1193 1854 1319 1908 canenda

263 1942 290 2008 2)
321 1940 352 1997 F.
381 1941 404 2009 Ι,
432 1943 497 1998 2973
524 1941 632 1995 Felices
651 1941 797 2007 animae,
816 1940 913 2009 quibus
931 1940 1001 1994 hacc
1020 1941 1319 2010 cognoscerepri·

824 2042 884 2080 m1s

551 2113 639 2184 Inque
658 2113 757 2168 domos
771 2129 885 2183 superas
904 2112 1070 2168 scandere
1089 2130 1156 2168 cura
1173 2113 1231 2168 fuit.

353 2201 391 2256 A.
409 2200 432 2269 Ι,
449 2201 495 2256 25:
522 2200 709 2270 (Mundum)
728 2200 867 2270 primum
885 2200 998 2255 interius
1010 2200 1086 2255 licuit
1104 2214 1318 2264 cognoscere

828 2287 907 2341 terris

518 2375 634 2430 Munere
654 2375 812 2430 caelestum.

402 2477 427 2516 v.
447 2462 493 2516 40:
523 2462 563 2515 nt
579 2465 679 2516 natura
697 2461 773 2515 dedit
790 2461 861 2516 vires
880 2477 965 2530 seque
982 2461 1045 2531 ipsa
1062 2460 1173 2515 reclusit

515 2548 663 2618 Regalos
683 2548 815 2603 animos
833 2547 951 2617 primum
970 2548 1085 2617 dignata
1102 2562 1212 2601 movere

358 2634 410 2702 IV,
427 2635 491 2689 390:
519 2633 599 2701 Quod
609 2636 729 2704 quaerie‚·
737 2635 790 2689 deu
799 2643 865 2689 sest.
882 2633 1317 2691 Donarisscanderccaalum

516 2721 643 2791 Fataque
661 2721 740 2775 fatali
758 2721 865 2791 genitus
884 2713 1051 2791 cognoscere
1069 2721 1138 2792 lege.

261 2808 287 2875 3)
312 2807 343 2864 F.
366 2807 403 2874 11,
427 2808 491 2861 123:
517 2807 618 2861 Deficit
634 2808 772 2876 ingenium
790 2808 981 2877 maioraque
1000 2809 1134 2864 viribus
1153 2813 1260 2878 urgent.

337 2893 374 2948 A.
392 2892 444 2960 III,
464 2897 492 2951 12
517 2892 550 2947 In
568 2910 639 2948 nova
656 2898 812 2964 surgentem
830 2895 1020 2964 maioraque
1038 2896 1170 2952 viribus
1189 2913 1285 2952 ausum

517 2980 617 3033 Ducite
635 2980 769 3035 Pierides.

260 3064 288 3132 4)
313 3063 344 3120 F.
366 3065 418 3132 IV,
442 3067 487 3120 17:
517 3066 652 3121 Causae
671 3067 717 3120 din
734 3071 852 3136 patuere
872 3067 999 3122 dierum

347 3152 383 3206 A.
401 3152 424 3221 Ι,
441 3154 487 3208 70:
513 3153 594 3207 Dies
614 3154 670 3208 suis
689 3157 817 3224 poterant
836 3154 989 3210 discernere
1008 3158 1132 3213 causis.

260 3238 287 3303 5)
314 3237 346 3292 F.
363 3238 415 3305 IV,
435 3239 485 3294 857
503 3244 532 3293 et
549 3240 586 3295 A.
605 3240 626 3308 1,
644 3241 696 3295 925
713 3241 770 3295 iam
789 3257 872 3311 snpra
892 3243 928 3311 (p.
946 3244 990 3311 24)
1010 3245 1164 3313 comparati
1181 3251 1252 3303 sunt.

260 3323 288 3392 6)
317 3324 349 3379 F.
377 3324 429 3393 VI,
459 3328 489 3380 5:
515 3327 678 3381 Estdens
697 3328 730 3382 in
748 3328 848 3383 nobis

335 3445 337 3450 ·
443 3413 489 3467 24:
517 3412 597 3467 Mens
616 3431 725 3484 quoque
743 3408 843 3470 numen
863 3415 955 3471 habet.

317 3499 354 3552 A.
371 3496 409 3565 II,
429 3499 490 3553 107:
517 3499 649 3554 Animum
667 3501 694 3555 in
712 3518 795 3555 unum

481 3655 484 3663 ⁴
515 3586 707 3641 Descendit
720 3587 803 3643 deus
817 3590 898 3658 atque
910 3589 1020 3644 habitat
1032 3591 1175 3661 ipsumque
1188 3595 1312 3664 requirit.

358 3671 410 3739 IV,
428 3672 490 3730 895:
518 3673 736 3743 Exemplumque
755 3673 798 3728 dei
816 3675 931 3744 quisque
950 3679 993 3730 est
1011 3676 1038 3730 in
1055 3677 1175 3747 imagine
1193 3696 1289 3750 parva.

259 3758 286 3826 7)
322 3756 353 3812 F.
382 3757 434 3823 Vl,
463 3758 494 3813 8:
521 3775 622 3813 sacra
640 3775 712 3814 cano

342 3844 409 3900 ibid.
426 3846 490 3900 709:
517 3843 582 3900 Sum
611 3848 704 3901 tamen
733 3848 868 3902 inventrix
895 3853 1074 3920 auctorque
1102 3866 1154 3920 ego
1181 3854 1310 3910 carminis

823 3936 903 3990 huius

346 4019 488 4091 M.‚1,30:
518 4019 561 4072 Tu
578 4019 704 4090 princeps
723 4024 900 4092 auctorque
919 4024 1024 4092 sacri,
1043 4022 1174 4097 Cyllenie,
1191 4027 1271 4086 tanti.

258 4105 286 4175 8)
308 4105 339 4161 F.
358 4106 409 4172 VI,
427 4108 492 4160 811:
518 4105 642 4161 doctae
661 4122 844 4162 assensere
864 4125 1005 4165 sorores

335 4192 372 4251 A.
390 4192 427 4262 11,
443 4193 490 4253 49:
517 4193 644 4248 doctae
663 4194 822 4255 cecinere
841 4211 978 4255 sorores
