2880 5182
619 760 827 820 ..41-

166 944 400 1003 schoeuobatica
426 944 519 1003 fuisse
545 963 602 1022 pro
624 964 701 1012 ¹vero
727 946 921 1007 affirmavere.
960 945 1032 1005 Non
1058 952 1158 1006 tamen
1185 948 1271 1006 abest

165 1048 307 1124 suspicio,
331 1048 403 1122 quin
417 1047 658 1108 Astronomicon
678 1056 785 1110 auctor
806 1050 958 1125 quondam
976 1050 1008 1108 in
1022 1050 1202 1126 elephantie,
1224 1055 1269 1108 ut-

103 1206 106 1210 .
164 1157 237 1227 pote
259 1169 334 1226 quos
356 1152 473 1211 eximiis
494 1152 636 1211 laudibus
658 1152 771 1229 efferat,
792 1158 887 1213 artem
908 1154 997 1230 plane
1019 1153 1188 1212 inauditam
1209 1154 1270 1211 fue-

165 1254 208 1313 rit
228 1255 403 1314 admiratus.
437 1254 633 1331 Quinetiam,
656 1257 791 1330 quamvis
806 1257 1046 1316 emendationem
1059 1257 1271 1315 Bentleianam

164 1363 310 1432 tanquam
332 1359 499 1417 violentam
519 1376 705 1435 respuamus,
727 1360 951 1419 concedendum
972 1365 1018 1418 est
1037 1360 1102 1418 fieri
1122 1360 1271 1435 potuisse,

163 1465 199 1520 ut
212 1460 360 1519 Manilius
382 1465 451 1520 aute
474 1480 562 1536 quam
581 1462 678 1521 libros
692 1464 740 1521 IV
755 1468 786 1523 et
800 1463 830 1520 V
847 1470 1050 1540 componeret,
1072 1463 1132 1522 uisi
1145 1463 1273 1537 Romae,

163 1563 241 1622 alias
267 1567 368 1623 tamen
394 1565 574 1641 elephantos
597 1584 654 1642 per
675 1561 761 1624 funes
782 1566 989 1642 ingredientes
1010 1571 1170 1643 spectaret.
1211 1565 1271 1624 Ex·

165 1668 311 1740 ponemus
343 1667 421 1726 enim
452 1667 532 1725 infra
562 1686 629 1727 eum
654 1669 779 1727 multum
806 1669 838 1727 in
866 1669 975 1728 itinere
1000 1669 1094 1728 fuisse
1119 1674 1209 1743 atque
1236 1686 1273 1727 eo

169 1771 350 1846 pervenisse,
381 1771 434 1829 ubi
464 1772 580 1831 bestiae
612 1772 684 1831 illae
714 1777 889 1831 nascuntur.
933 1771 1029 1832 Nullo
1056 1778 1157 1832 tamen
1181 1772 1272 1831 modo

170 1874 322 1950 elephanti
354 1893 483 1950 quonam
512 1895 592 1934 anno
624 1895 642 1934 a
671 1877 802 1935 Manilio
834 1878 963 1953 gloriam
995 1875 1148 1953 ceperint,
1183 1875 1272 1934 nobis

169 1979 208 2053 V,
229 1983 293 2055 707,
314 1983 350 2039 ut
368 1978 468 2039 voluit
488 1981 666 2056 Merkelius,
687 1981 883 2056 significatur.
1077 1982 1078 1986 ’

247 2084 365 2157 Quibus
390 2083 490 2142 missis
510 2102 606 2160 pergo
628 2085 666 2142 ad
687 2084 780 2142 alium
800 2084 910 2159 locum,
937 2102 996 2159 qno
1018 2084 1065 2142 usi
1086 2084 1273 2160 posteriores

170 2187 289 2263 quidem
302 2187 541 2247 Astronomieon
560 2188 657 2246 libros
678 2187 842 2247 referamus
856 2188 895 2246 ad
910 2193 1040 2247 aetatem
1055 2187 1182 2246 Tiberii.
1214 2187 1273 2248 Est

169 2296 269 2349 autem
288 2291 320 2349 in
340 2291 498 2366 prooemio
521 2291 592 2348 libri
606 2291 661 2348 IV.
694 2289 757 2348 Ubi
782 2291 842 2366 (vv.
865 2289 971 2364 1-13)
992 2294 1079 2349 tauta
1099 2308 1165 2350 cum
1179 2290 1273 2350 sinee-

109 2377 112 2381 ’
169 2395 261 2453 ritate
290 2413 325 2475 ale
355 2395 516 2453 severitate
546 2400 669 2470 poetam
700 2394 951 2469 deprehendimus
978 2398 1211 2469 conquerentem
1235 2395 1273 2454 de

168 2478 306 2556 avaritia
328 2497 498 2571 aequalium
528 2503 560 2555 et
588 2497 718 2569 luxuria,
748 2502 782 2554 ut
808 2493 898 2571 plane
924 2515 942 2555 a
967 2497 1025 2556 fide
1050 2497 1214 2556 abhorreat
1239 2515 1274 2556 ea

170 2601 329 2676 sententia,
352 2618 410 2675 qua
430 2601 569 2660 Lucretii
589 2600 715 2659 Horatii
731 2599 832 2659 Gratti
848 2599 953 2660 Ovidii
973 2607 1008 2659 ut
1028 2602 1097 2660 aliis
1118 2601 1209 2661 rebus
1231 2601 1274 2659 sie

171 2702 291 2777 querela
312 2702 449 2778 exempla
469 2703 582 2762 imitari
603 2705 721 2762 tantum
741 2703 876 2761 voluisse
895 2703 1058 2763 incusetur.
1095 2705 1142 2763 At
1162 2705 1274 2763 rectius

168 2812 269 2883 agent,
291 2807 460 2881 quicunque
480 2807 557 2865 talia
577 2807 763 2866 extrinsecus
784 2812 867 2866 mota
887 2808 981 2866 fuisse
1002 2826 1037 2866 ac
1059 2807 1165 2867 referri
1187 2809 1274 2883 quasi

170 2910 278 2986 populi
298 2928 402 2968 vocem
424 2910 597 2968 censebunt.
633 2909 724 2983 Quod
745 2910 804 2968 nisi
820 2911 944 2997 fuisset,
965 2911 1072 2970 mirum
1093 2928 1165 2969 sane
1186 2916 1275 2986 esset,

170 3018 290 3089 poetam
317 3013 408 3071 semel
435 3013 542 3071 iterum
566 3015 686 3089 saepius
708 3017 828 3087 tamque
849 3014 984 3090 graviter
1004 3013 1107 3072 invehi
1127 3013 1159 3070 iu
1180 3013 1275 3072 homi·

171 3134 224 3174 nes
245 3118 367 3192 praeter
387 3115 508 3174 modum
528 3115 681 3191 profusos,
703 3115 785 3175 velut
804 3135 832 3173 v.
854 3118 924 3176 375:

249 3237 359 3305 „Atque
377 3235 449 3290 haec
468 3235 637 3307 (aucupatio)
655 3237 682 3289 in
700 3236 827 3302 luxum3
845 3237 900 3290 iam
919 3238 1006 3291 ventri
1024 3236 1130 3306 lougius
1148 3237 1202 3289 itur

251 3321 339 3388 Quam
357 3324 440 3377 modo
459 3323 580 3377 militiae.
615 3321 796 3377 Numidarum
814 3323 954 3393 pascimur
972 3324 1025 3378 oris

249 3409 391 3464 Phasidos
409 3414 438 3464 et
454 3408 588 3478 lucis.“1⁶)

168 3530 277 3603 Itaque
313 3530 364 3587 vix
394 3530 518 3602 errabis,
555 3529 580 3586 ei
612 3535 733 3605 poetam
763 3530 858 3605 finges
887 3530 1103 3590 lamentantem
1135 3549 1170 3590 eo
1202 3533 1275 3590 tent·

171 3651 255 3709 pore,
277 3650 336 3707 quo
358 3634 448 3690 luxus
463 3632 646 3690 coercendus
661 3632 777 3689 civibus
792 3631 853 3691 fuit
865 3632 896 3690 iu
912 3632 1038 3707 optatis.
1069 3632 1162 3691 Anno
1176 3637 1277 3692 autem

172 3741 227 3796 769
251 3737 283 3793 in
309 3740 416 3794 senatu
443 3747 532 3811 saepe
558 3734 654 3793 multa
678 3735 709 3792 in
737 3735 841 3792 lunum
867 3735 1002 3794 civitatis
1028 3735 1111 3794 dieta
1138 3753 1203 3795 esse
1225 3737 1277 3794 ob·

173 3844 271 3898 stante
292 3839 430 3916 principe
451 3842 582 3897 testatur
597 3837 765 3912 Tacitoali,
787 3839 831 3897 ita
851 3844 885 3896 ut
906 3838 1129 3898 decerneretur:
1152 3858 1188 3898 ne
1204 3856 1278 3898 vasa

172 3961 261 4002 auro
283 3942 383 4000 solida
403 3941 611 4000 ministrandis
633 3941 709 3999 cibis
730 3942 838 3999 fierent
858 3959 932 3999 neve
952 3941 1046 3999 vestis
1070 3940 1174 4001 Serica
1193 3942 1278 4001 viros

173 4046 319 4105 foedaret.
362 4044 429 4103 Nec
460 4062 544 4102 secus
572 4044 711 4103 consules
739 4062 765 4102 a.
792 4043 832 4102 U.
860 4045 916 4103 775
942 4043 1221 4119 animadverterunt
1246 4045 1278 4102 in

173 4150 286 4222 luxum,
313 4147 364 4222 qui
390 4147 573 4222 immensum,
601 4153 636 4206 ut
660 4147 706 4206 ait
725 4146 860 4220 Tacitus,
887 4151 1071 4222 proruperat
1087 4146 1134 4205 cad
1161 4154 1279 4223 cuncta,

176 4252 285 4327 quibus
305 4250 436 4328 pecunia
455 4251 639 4326 prodigitur.
670 4250 743 4308 Alia
764 4248 842 4308 enim
857 4253 1038 4326 sumptuum,
1061 4249 1196 4324 quamvis
1211 4268 1279 4325 gra·

248 4483 278 4552 16)
295 4485 353 4548 ov,
377 4486 435 4548 aaa,
458 4485 608 4547 aco-ma
631 4483 667 4549 r,
693 4484 750 4549 ros,
768 4482 824 4534 aaa.
880 4481 911 4548 o)
935 4482 1007 4534 Ans.
1026 4481 1063 4547 u,
1081 4482 1127 4544 33³
1151 4481 1184 4534 ef.
1204 4481 1278 4534 nun.

176 4571 228 4639 iv,
246 4572 391 4636 eac-aee,
412 4570 447 4636 v,
465 4570 529 4635 aaa
549 4570 647 4622 cernue
667 4571 739 4622 nnn.
757 4567 809 4634 111,
827 4569 873 4631 sa
891 4569 948 4619 tum
968 4565 1004 4632 11,
1021 4567 1063 4621 44.
