2880 5182
610 431 649 442 ..
694 397 820 458 22.-

165 587 240 641 trem
251 580 427 658 Augustum
441 582 523 658 apud
534 581 699 658 Philippos
713 582 832 657 vicisse,
847 599 944 656 neque
960 581 1075 641 omittit
1088 585 1272 645 mentionem

168 704 288 762 pugnae
308 684 463 761 Actiacae,
484 702 572 759 quam
587 685 744 744 Antonius
766 686 893 743 navibus
914 685 1019 743 uxoris
1040 687 1199 762 commisit,
1221 688 1273 747 ad·

164 788 237 848 iecit
268 789 359 846 etiem
384 788 496 847 bellum
522 788 667 846 adversus
695 786 724 847 S.
752 787 931 864 Pompeium
959 787 1053 845 servis
1082 791 1272 850 manumissis

171 895 297 968 gestum.
329 891 420 949 Tales
442 897 540 949 autem
562 909 609 948 res
631 909 731 949 nonne
753 890 936 966 gubernanti
957 891 1193 965 rempublicam
1215 891 1272 951 Oc·

169 993 293 1053 tariano
316 1011 429 1052 summo
450 995 562 1053 honori
583 994 691 1053 ductae
713 993 803 1052 sunt?
834 992 904 1052 Hoc
926 994 1046 1068 quidem
1065 994 1274 1055 affirmandum

166 1101 228 1170 est3
259 1097 312 1156 sed
342 1097 458 1158 virenti
489 1115 549 1154 une
579 1115 626 1154 res
652 1097 829 1155 adversatur
855 1114 952 1171 neque
978 1097 1111 1155 vincitur
1138 1115 1155 1155 a
1183 1099 1273 1157 nobis

83 1248 88 1255 .
166 1201 307 1259 honeste:
333 1204 426 1276 poeta
451 1200 592 1259 heredem
614 1199 752 1258 Caesaris
774 1201 835 1258 iam
856 1203 945 1259 vocat
964 1205 1112 1258 rectorem
1134 1199 1272 1276 Olympi:

168 1303 252 1376 Quae
279 1304 448 1378 appellatio
475 1321 541 1361 oum
566 1303 724 1362 mortalem
751 1303 911 1378 hominem,
939 1302 987 1360 cui
1008 1302 1084 1360 nihil
1105 1306 1195 1380 peret
1213 1305 1273 1361 uisi

168 1405 251 1465 orbis
272 1412 429 1481 terrarum,
451 1407 573 1465 omnino
595 1425 657 1464 nou
678 1407 793 1480 deceat,
814 1406 958 1465 convenit
971 1424 1025 1482 per
1039 1407 1084 1463 fas
1100 1410 1131 1465 et
1143 1425 1198 1483 per
1213 1425 1273 1465 om-

167 1526 219 1568 nes
246 1508 366 1567 divinas
394 1514 484 1583 atque
505 1509 650 1567 humanas
669 1510 834 1585 religiones
855 1509 999 1584 principi,
1027 1509 1075 1566 cui
1096 1509 1127 1566 in
1149 1509 1274 1568 deorum

168 1612 383 1687 stellarumque
416 1630 571 1672 numerum
601 1622 723 1688 recepto
755 1613 831 1671 caeli
860 1630 986 1687 regnum
1017 1629 1191 1671 concessum
1218 1618 1274 1671 est.

166 1714 255 1790 Nam,
282 1718 317 1773 ut
344 1715 404 1775 iam
430 1732 522 1792 supra
547 1717 585 1775 ad
612 1735 730 1775 versum
755 1715 780 1790 I,
807 1718 862 1775 386
884 1715 1022 1790 exposui,
1049 1733 1113 1773 eom
1134 1715 1273 1772 novimus

168 1817 260 1876 luisse
285 1819 511 1895 astrologorum
536 1821 695 1894 rationem,
722 1825 756 1877 ut
775 1836 861 1876 nemo
885 1817 997 1876 Caesar
1017 1818 1101 1876 caelo
1124 1817 1270 1876 maximus

167 1926 272 1979 auctor
294 1938 357 1979 esse
377 1923 515 1997 potuerit
536 1924 595 1981 nisi
615 1923 705 1982 terris
726 1922 850 1980 relictis.
891 1921 992 1995 Quare
1014 1938 1051 1978 ne
1070 1920 1129 1979 hoo
1151 1920 1271 1995 quidem

166 2024 310 2100 retineor,
337 2025 412 2099 quin
437 2025 561 2084 Manilii
586 2027 687 2086 animo
715 2026 917 2086 Octavianum
942 2025 1002 2082 iam
1027 2024 1140 2084 Divum
1166 2026 1272 2083 obver-

168 2128 228 2186 sari
249 2129 413 2186 enunciem.
454 2128 531 2206 (Ofr.
552 2148 582 2205 p.
603 2129 662 2205 20).

242 2231 345 2306 Atque
366 2232 457 2290 etiam
477 2232 499 2289 ii
519 2249 633 2307 versus,
660 2232 769 2306 quibus
790 2230 1033 2289 Astronomioon
1054 2230 1133 2289 liber
1155 2231 1271 2307 primus

167 2335 374 2394 concluditur:

308 2472 381 2540 „Sed
400 2472 469 2527 satis
486 2474 540 2528 hoc
558 2472 624 2526 fatis
642 2473 731 2539 fuerit,
750 2473 804 2526 iam
824 2473 897 2526 bella
914 2472 1058 2542 quiescant

307 2557 402 2627 Atque
421 2559 596 2613 adamanteis
615 2560 754 2613 discordia
771 2560 864 2613 vincta
883 2560 988 2613 catenis

305 2643 443 2699 Aeternos
462 2646 567 2699 habeat
583 2645 675 2699 frenos
692 2646 720 2698 in
739 2660 849 2698 carcere
868 2645 972 2700 clausa.

307 2729 350 2784 Sit
367 2735 448 2801 pater
465 2732 582 2785 invictus
601 2731 718 2800 patriae,
736 2731 772 2785 ait
789 2732 879 2786 Roma
898 2732 948 2784 sub
966 2730 1012 2784 illo

308 2817 430 2887 (lemque
449 2818 529 2871 deum
550 2816 626 2871 caelo
646 2816 759 2883 dederit,
777 2833 831 2871 non
851 2820 966 2886 quaerat
983 2817 1011 2869 in
1030 2816 1125 2872 orbe!“

170 2956 261 3015 etiam
286 2955 309 3013 ii
334 2973 449 3032 versus,
476 2957 608 3030 inquam,
634 2957 769 3014 absentis
790 2954 939 3031 principis
962 2955 1026 3012 sine
1047 2955 1140 3013 dubio
1163 2956 1277 3017 habent

170 3060 294 3119 indicia.
335 3059 470 3118 Primum
497 3060 576 3118 enim
602 3077 654 3117 cnr
680 3060 728 3117 cui
755 3077 873 3118 carmon
900 3059 1033 3117 dicatum
1058 3059 1152 3118 fuisse
1173 3078 1276 3119 omues

170 3163 232 3221 fere
252 3167 375 3238 praeter
394 3162 621 3222 Lachmaunum
641 3162 756 3237 dieunt,
783 3167 926 3237 tanquam
947 3163 1039 3220 tertio
1059 3181 1190 3238 persona
1210 3162 1274 3220 lau·

170 3264 281 3324 datur?
328 3265 478 3339 Equidem
504 3271 646 3341 oportere
673 3265 807 3323 arbitror
831 3268 962 3341 poetam,
992 3265 1046 3323 ubi
1072 3265 1110 3323 ad
1136 3264 1277 3323 carminis

172 3374 336 3444 patronum
357 3369 527 3428 orationem
547 3368 648 3442 vertit,
670 3367 784 3426 directe
800 3368 925 3442 alloqui,
949 3369 1040 3443 qnod,
1061 3372 1095 3426 ut
1109 3367 1278 3444 exemplum

170 3471 278 3545 dicem,
300 3470 429 3530 Ovidius
450 3473 524 3531 facit
544 3473 576 3530 in
596 3472 700 3530 Fastis
722 3470 971 3538 dedeimanico.
1009 3471 1103 3547 Apud
1116 3470 1279 3529 Manilium

171 3581 271 3634 autem
298 3575 425 3650 legimus
451 3592 495 3632 vs.
516 3574 541 3648 Ι,
566 3578 637 3634 800:
663 3575 744 3651 regit
763 3574 923 3650 Augustus
943 3574 969 3649 Ι,
995 3576 1065 3635 90οε
1092 3574 1166 3632 vicit
1189 3574 1230 3632 A.
1252 3575 1278 3648 Ι,

173 3682 229 3740 925
256 3679 293 3738 de
321 3695 380 3752 qno
408 3697 488 3737 nunc
513 3679 650 3753 quaestio
672 3682 731 3738 est:
758 3679 798 3736 sit
817 3682 905 3752 pater
926 3677 1057 3735 invictus
1078 3678 1206 3753 patriae,
1239 3677 1280 3736 sit

172 3783 271 3841 Roma
293 3783 349 3840 sub
371 3782 435 3841 illo.
465 3782 565 3841 Docet
585 3783 680 3858 igitur
700 3781 780 3840 ratio
802 3798 863 3838 non
880 3779 1041 3840 Octaviani
1061 3781 1185 3839 auribus
1200 3781 1280 3839 inter

174 3886 340 3946 canendum
370 3892 492 3963 poetam
522 3885 666 3945 blandiri.
697 3917 733 3927 -
762 3882 881 3942 Deinde
907 3888 1073 3942 memorata
1098 3888 1168 3944 ante
1194 3884 1280 3943 clade

175 3988 321 4065 Variana,
347 3991 432 4050 cuius
458 3990 590 4048 maculas
617 3989 669 4046 ille
696 3993 727 4047 et
752 4005 846 4062 usque
872 3988 911 4047 ad
936 3993 1064 4047 mortem
1083 3988 1162 4046 vidit
1183 4006 1280 4063 neque

179 4109 312 4171 unquam
325 4093 425 4153 eluere
438 4092 552 4169 potuit,
572 4092 657 4150 nullo
671 4089 761 4149 modo
776 4089 968 4149 tolerandum
981 4091 1049 4166 fuit,
1071 4090 1153 4165 quod
1167 4095 1280 4151 exstet:

484 4201 543 4274 „sit
559 4205 640 4276 peter
656 4202 808 4258 invictus
825 4201 959 4272 patrimi
