2880 5182
630 355 919 418 -74...

184 560 255 601 vero
275 542 313 600 ad
334 543 487 618 privatum
508 545 679 618 praetorem
699 539 842 615 attinent,
862 557 898 598 ea
919 543 984 600 sine
1000 541 1063 599 alla
1077 542 1191 602 iniuria
1203 561 1291 619 prae-

184 644 280 703 dioari
301 649 429 720 potuere
450 645 487 702 de
508 644 626 702 eodem:
649 644 723 702 talia
743 644 892 703 decebant
913 644 1046 703 futurum
1061 646 1238 723 prinoipem,
1259 647 1292 704 in

186 765 246 821 quo
268 748 510 806 benevolentiam
525 746 708 821 singularem
722 746 991 821 eoaoiliandaeque
1006 746 1160 806 hominum
1173 748 1291 823 gratiae

184 868 218 908 ac
238 850 432 926 promerendi
453 849 564 907 amoris
586 850 692 907 mirum
712 854 743 906 et
764 849 871 906 efficax
891 848 1025 907 studium
1046 850 1139 908 luisse
1156 850 1291 909 tradunt.

183 951 291 1027 Neque
317 953 387 1011 aliis
415 954 501 1012 tollit
522 952 734 1013 Germanicum
760 953 902 1011 laudibus
924 951 1054 1012 Ovidius
1080 954 1112 1012 in
1132 956 1290 1030 prooemio

183 1055 355 1131 Fastorum,
377 1074 443 1115 eum
464 1057 571 1115 scribit
592 1057 633 1133 (l,
654 1058 700 1116 21.
720 1058 789 1133 22):

371 1166 467 1234 „Qum
485 1169 522 1221 sit
540 1170 611 1222 euim
631 1168 697 1222 culti
715 1167 845 1224 facundia
862 1169 998 1223 sensimus
1017 1170 1079 1237 oris,

416 1252 509 1309 civica
527 1271 578 1324 pro
596 1255 713 1325 trepidis
732 1272 793 1310 oum
812 1256 875 1310 tulit
893 1257 1066 1311 a1·mareis“.

182 1365 282 1424 Porro
309 1367 387 1424 idom
412 1367 477 1426 iure
502 1367 585 1427 vitae
610 1369 752 1443 necisque
779 1385 850 1426 usus
877 1373 924 1425 est
950 1368 980 1424 in
1006 1369 1176 1443 consulatu,
1203 1385 1292 1443 quem

183 1469 287 1526 statim
307 1474 380 1544 post
401 1474 592 1544 quaesturam
612 1470 739 1546 gessit2)
773 1471 870 1545 Quem
889 1471 1035 1529 honorem
1055 1469 1232 1545 priusquam
1246 1472 1292 1529 iu-

183 1568 250 1644 iret,
277 1571 316 1628 ad
342 1572 583 1646 componendum
604 1571 741 1631 Orientis
766 1576 878 1631 statum
898 1574 1054 1648 proiectus
1076 1579 1107 1632 et
1126 1575 1292 1634 Armeniae

181 1691 283 1748 regem
311 1674 424 1733 devicit
449 1678 480 1734 ot
502 1670 788 1751 Cappadociam‘iu
813 1676 989 1750 provinoiae
1016 1676 1143 1734 sormam
1162 1677 1292 1752 redegit.

183 1774 249 1834 Has
270 1777 377 1836 adres
399 1778 472 1852 quid
493 1778 615 1837 tandem
635 1778 754 1837 facilius
773 1778 887 1837 reseras
910 1796 999 1852 quam
1018 1779 1095 1837 istos
1116 1796 1235 1837 versus:

371 1897 568 1968 „Imponetque
586 1900 677 1968 iugum
696 1899 776 1952 terris
794 1899 924 1968 legesque
942 1899 1061 1967 rogabit,

370 1985 448 2039 illam
468 1988 549 2040 mbas
567 1989 596 2039 et
614 2003 699 2055 regna
716 1987 835 2038 trement
853 1987 973 2053 nutuque
990 1988 1118 2054 rogentur

369 2071 481 2127 Unius.
500 2109 507 2125 .
526 2072 567 2127 .“2

185 2191 314 2268 Insuper
333 2193 528 2269 accepimusss)
550 2198 677 2268 rogante
692 2193 818 2252 Tiberio
832 2193 960 2252 Patrum
973 2193 1096 2253 deereto
1111 2195 1291 2270 permissum
1364 2228 1368 2235 ·

183 2313 248 2355 esse
275 2295 443 2354 clarissimo
471 2296 519 2354 illi
544 2296 614 2355 duoi
640 2297 735 2355 maius
761 2297 920 2372 imperium
947 2316 1036 2373 quam
1059 2299 1107 2374 iis,
1134 2298 1186 2373 qui
1207 2303 1291 2357 sorte

160 2403 238 2467 aut
267 2399 359 2457 missu
389 2400 538 2477 principis
569 2399 744 2476 provincias
774 2400 956 2459 obtinerent.
1003 2401 1143 2476 Denique
1169 2401 1195 2459 si
1221 2401 1291 2478 quis

182 2500 274 2576 legit:

431 2612 478 2676 „et
499 2609 568 2662 caeli
586 2611 651 2679 post
667 2612 756 2663 terres
775 2610 836 2663 iura
853 2607 1044 2676 manebunt“4)

182 2707 256 2766 haee
275 2712 368 2769 verba
387 2713 480 2788 paulo
503 2714 682 2772 obscuriora
703 2712 776 2787 quid
798 2713 934 2787 impedit,
956 2712 1117 2785 quominus
1133 2713 1172 2771 ad
1188 2712 1292 2772 studia

133 2826 136 2831 ’
184 2810 356 2871 Germanioi
377 2817 564 2892 astrologica
585 2816 743 2874 oolliueari
764 2816 928 2874 aManilio
948 2814 1089 2874 censeat?
1112 2816 1194 2891 qaid,
1215 2833 1290 2890 quo·

182 2914 280 2973 minus
301 2918 339 2975 ad
360 2935 395 2976 ea
415 2918 552 2977 conferat
573 2918 758 2978 Ouidianum
777 2918 854 2975 illud
877 2917 928 2994 (ex
947 2918 1050 2978 Ponto
1071 2919 1129 2995 IV,
1149 2924 1176 2979 8.
1198 2919 1262 2995 73):

336 3021 437 3086 „Modo
455 3021 528 3075 bella
546 3022 626 3090 geris,
644 3023 764 3074 numeris
783 3020 865 3074 modo
883 3021 968 3074 verba
986 3023 1127 3077 coerees“t

181 3120 288 3197 Neque
315 3141 400 3181 soous
426 3125 521 3183 multa
545 3143 582 3181 ex
602 3124 650 3199 iis,
678 3124 806 3198 quaein
829 3124 936 3198 quinto
956 3125 1197 3185 Astronomieou
1218 3108 1290 3187 inde

143 3267 147 3275 .
181 3243 266 3284 avs.
295 3227 352 3285 295
377 3226 414 3284 de
443 3225 581 3303 Sagittae
606 3227 708 3286 Haedi
728 3227 828 3303 Lyrae
855 3228 1005 3302 genituris
1031 3230 1192 3306 habentur,
1219 3248 1290 3305 qua·

181 3329 273 3389 drant
293 3330 325 3386 in
347 3329 519 3389 Germanioi
539 3350 709 3407 personam,
738 3348 826 3405 quam
847 3331 979 3390 rhetoris
999 3340 1110 3408 poetae
1131 3333 1216 3392 docti
1236 3333 1290 3392 du-

181 3432 225 3490 ois
246 3433 442 3508 magistratus
464 3434 609 3511 optimam
629 3434 722 3492 fuisse
738 3432 904 3492 Suetonius
925 3438 1064 3494 testatur.
1097 3436 1291 3510 Quinetiam

182 3538 263 3611 quod
290 3538 322 3595 in
348 3538 453 3596 eodem
476 3537 556 3596 libro
577 3544 673 3596 artem
693 3537 842 3595 scenicam
863 3537 988 3612 eiusque
1009 3557 1047 3597 ex
1067 3540 1221 3616 magistris
1243 3558 1289 3599 oe·

181 3641 350 3699 leberrimis
370 3642 572 3701 Menandrum
596 3640 694 3699 solum
714 3639 798 3697 miris
818 3640 920 3697 verbis
941 3645 1163 3717 commemorat,
1189 3642 1290 3701 Mani·

181 3743 241 3802 lius
268 3744 307 3802 ad
332 3744 363 3802 id
389 3745 490 3803 studio
514 3742 696 3815 Germanioi,
721 3742 774 3816 qui
794 3741 998 3817 maximopere
1020 3743 1152 3804 Graecas
1173 3763 1290 3805 eomoe·

181 3846 247 3905 dias
277 3847 432 3907 adamasse
459 3855 550 3923 atque
577 3847 669 3906 etiam
694 3847 831 3904 imitatus
857 3863 922 3906 esse
950 3848 1072 3926 dieitur,
1103 3849 1221 3927 impelli
1247 3850 1290 3909 vi-

249 4079 271 4147 ²)
289 4081 366 4138 Suet.
387 4081 447 4137 Gal.
467 4097 491 4136 o.
511 4083 534 4136 1.
588 4079 613 4148 ³)
632 4080 700 4135 Tae.
718 4080 792 4136 Arm.
810 4080 848 4149 H,
865 4083 907 4137 43.
958 4081 980 4150 ⁴)
998 4081 1042 4136 De
1059 4083 1144 4138 verbo
1161 4081 1291 4140 manendi

178 4167 196 4222 i.
214 4184 238 4223 e.
257 4168 377 4224 standi
394 4168 500 4239 inspice
519 4168 557 4224 sis
575 4168 598 4237 I,
618 4169 676 4225 180.
696 4169 760 4236 7293
779 4168 816 4237 Π,
833 4169 892 4224 309.
