2880 5182
608 371 799 432 ..10-

226 555 363 616 Proinde
388 573 503 630 versus,
530 542 606 630 quos
628 573 719 632 supra
740 557 840 633 attuli,
866 557 1062 635 inspiciamus
1083 559 1253 618 accuratius

151 659 304 736 singulos!

228 763 289 822 His
312 763 513 822 Octavianum
539 762 670 836 quodam
696 762 785 821 modo
812 762 950 836 potuisse
975 764 1093 822 laudari
1115 765 1254 838 equidem

154 885 216 926 non
237 867 263 924 15
285 884 358 942 sum,
381 866 432 940 qui
447 883 569 941 negem:
593 864 705 924 Caesar
719 865 805 923 illum
820 865 879 922 sibi
893 883 949 941 pro
964 866 1027 924 filio
1043 867 1253 945 adoptaverat,

41 1042 44 1047 ι
150 969 308 1028 Munatius
321 968 500 1044 cognomine
514 968 651 1043 Augusti
663 972 833 1042 ornaverat,
853 968 994 1045 Agrippa
1009 987 1117 1028 censor
1132 975 1254 1031 senatus

150 1072 320 1150 principem
345 1071 474 1147 dixerat,
499 1072 633 1148 populus
653 1074 772 1146 patrem
797 1071 915 1147 patriae
937 1072 1130 1145 salutaverat,
1158 1093 1254 1149 neque

152 1176 232 1237 Jniii
266 1176 355 1234 unius
391 1176 491 1234 anima
522 1175 701 1234 credebatur
732 1175 764 1232 in
795 1176 909 1233 caelum
941 1182 1062 1251 recepta
1093 1195 1167 1252 esse,
1202 1177 1254 1236 sed

150 1280 231 1338 filius
259 1285 289 1337 et
316 1279 381 1355 ipse
409 1279 469 1337 iam
494 1278 582 1335 vivus
609 1285 640 1336 et
667 1296 685 1335 a
709 1277 810 1353 poetis
838 1282 869 1335 et
889 1296 907 1335 a
927 1279 1044 1353 populo
1066 1279 1254 1339 afficiebatur

151 1383 267 1442 honore
294 1383 415 1456 divin03
440 1382 570 1456 denique
591 1381 648 1440 hoe
668 1385 809 1440 monente
830 1379 918 1438 multi
939 1387 973 1438 ut
993 1381 1092 1439 Musis
1114 1399 1145 1440 se
1167 1383 1254 1440 dede-

151 1492 220 1545 rent
253 1487 471 1557 incitabantur.
503 1519 539 1526 -
572 1484 688 1544 Contra
722 1483 748 1541 si
782 1482 901 1542 Tiberii
934 1484 1064 1559 gratiam
1094 1485 1132 1543 ab
1163 1485 1254 1545 initio

150 1594 273 1666 poetam
301 1589 386 1664 sequi
415 1589 571 1663 malumus,
597 1588 695 1664 primo
718 1586 1004 1662 quidemadspeetu
1025 1605 1081 1646 nos
1102 1587 1186 1646 iilius
1206 1606 1255 1646 res

151 1692 295 1751 memoria
309 1698 446 1750 tenentes
461 1691 596 1766 offendit,
612 1691 694 1765 quod
708 1691 883 1767 appellatur·
897 1690 1035 1766 „patriae
1048 1692 1266 1769 princepsque·

152 1795 327 1871 paterque“.
359 1794 438 1853 Nam
459 1813 525 1853 cum
546 1813 612 1853 eum
632 1794 764 1853 honores
786 1799 821 1851 ut
842 1792 957 1851 domini
977 1797 1122 1868 tanquam
1136 1795 1255 1853 divinas
1278 1778 1282 1783 ⁴

153 1899 369 1973 occupationes
409 1898 453 1954 ita
490 1898 640 1974 principis
680 1903 711 1956 et
748 1896 846 1972 patris
886 1897 1004 1972 patriae
1039 1897 1255 1957 detrectavisse

152 2001 285 2058 definitis
313 2000 414 2059 verbis
441 1999 598 2077 constet,2)
624 2001 737 2059 talibus
759 2000 875 2073 alloqui
896 1999 1023 2058 vocibus
1043 2000 1142 2058 minus
1163 2001 1256 2059 fuisse

154 2103 342 2162 commodum
361 2103 491 2162 ridetur.

233 2206 324 2281 Quod
360 2225 540 2283 quamquam
570 2207 705 2282 videtur,
742 2214 842 2265 tamen
874 2225 934 2264 non
967 2210 1022 2265 est.
1072 2206 1147 2265 Noli
1178 2207 1257 2266 enim

155 2310 313 2385 oblivisci,
352 2311 486 2385 quamvis
518 2311 660 2370 Tiberius
691 2311 814 2369 nomina
843 2311 898 2369 illa
927 2310 1149 2386 repudiaverit,
1180 2315 1258 2370 teste

155 2413 263 2473 Tacito
290 2415 317 2472 ei
344 2417 375 2472 et
400 2431 418 2470 a
445 2420 551 2472 senatu
579 2414 681 2472 delata
702 2419 732 2472 et
752 2433 770 2472 a
790 2414 907 2490 populo
929 2413 1146 2472 assentationis
1168 2433 1258 2472 causa

156 2518 276 2592 saepius
300 2519 365 2575 esse
386 2518 492 2578 indita.
529 2517 580 2574 An
601 2518 775 2576 dubitamus
789 2516 952 2576 Manilium
973 2517 1054 2574 inter
1074 2516 1155 2575 cives
1175 2517 1257 2593 prin·

157 2619 218 2695 cipi
239 2619 417 2679 adulaturos
439 2619 614 2680 numerare?
647 2619 755 2694 Neque
777 2620 901 2678 uliares
917 2620 1052 2696 impedit,
1074 2621 1146 2694 quin
1161 2638 1258 2680 mores

155 2721 272 2780 Tiberii
312 2741 452 2799 negemus
492 2723 588 2799 magis
622 2727 712 2782 notos
746 2723 839 2782 fuisse
874 2724 1004 2783 Manilio
1039 2721 1259 2783 Astronomica

154 2826 312 2884 incohanti
334 2844 422 2901 quam
438 2827 563 2886 Valerio
582 2826 760 2903 Maximo,³)
782 2846 800 2886 a
823 2845 881 2902 quo
904 2827 956 2884 iile
978 2826 1042 2884 sine
1061 2832 1141 2884 metu
1156 2827 1258 2902 „prin-

154 2947 224 3005 ceps
250 2933 397 3005 paterque
423 2932 545 2990 noster“
569 2935 696 2990 vocatus
722 2937 776 2990 est.
817 2929 936 2989 Deinde
964 2930 1064 3006 ipsum
1089 2931 1257 3006 accepimus

156 3031 326 3114 Tiberium
348 3033 456 3107 quinto
493 3035 612 3110 imperii
643 3052 722 3093 anno
755 3053 923 3110 cognomen
955 3034 1104 3110 principis
1135 3039 1170 3091 ut
1199 3034 1259 3092 sibi

155 3136 344 3212 ingereretur
357 3138 541 3214 permisisse.
576 3139 684 3212 Itaque
704 3138 761 3213 fao,
782 3158 800 3197 a
819 3144 906 3215 patre
929 3137 1050 3213 quidem
1070 3137 1199 3213 patriae,
1221 3155 1258 3195 ne

155 3246 317 3316 tantopere
338 3243 565 3317 commovearis,
586 3245 621 3300 ut
640 3238 821 3317 Merkelio4)
841 3258 983 3299 assensus
1004 3240 1091 3298 illum
1112 3240 1149 3299 de
1169 3238 1259 3299 Octa-

155 3343 247 3401 viano
272 3344 481 3420 accipiendum
502 3345 672 3405 necessario
695 3362 759 3404 esse
780 3346 942 3404 existimes.
969 3377 1007 3386 —
1036 3343 1136 3416 Quid?
1178 3343 1260 3418 quod

156 3446 251 3505 eidem
277 3447 345 3505 viro
367 3448 469 3521 docte,
498 3447 523 3506 si
544 3452 637 3524 pocta
658 3449 785 3507 alterum
806 3448 974 3524 principem
994 3446 1147 3505 celebrare
1167 3447 1260 3504 versi·

156 3549 213 3607 bus
242 3551 396 3626 putandus
423 3551 472 3624 sit,
503 3569 540 3609 ne
566 3556 746 3627 augustae
775 3551 894 3625 quidem
919 3550 1002 3626 leges
1029 3549 1104 3608 satis
1129 3549 1260 3625 placent.

156 3653 301 3729 Augusti,
334 3654 444 3729 inquit,
473 3655 712 3730 appellationem
744 3673 805 3713 non
836 3653 947 3711 dilexit
974 3651 1149 3726 Tiberius.⁵)
1190 3652 1260 3711 Hoc

154 3760 236 3814 reete
266 3756 456 3832 admonetur,
487 3775 583 3832 neque
614 3775 686 3816 vero
714 3757 778 3815 eius
808 3755 891 3815 modi
917 3759 973 3828 est,
1005 3773 1063 3829 quo
1090 3773 1107 3813 a
1135 3754 1259 3814 Tiberio

156 3939 360 3950 -1--—-....-

224 4004 243 4070 ἲ1
263 4004 317 4063 Gir.
335 4007 397 4060 Dio.
415 4007 457 4072 52,
481 4008 523 4059 41.
559 4007 600 4073 tr,
624 4008 649 4061 8.
674 4035 708 4045 -
726 4004 804 4061 Suet.
823 4007 885 4062 Tib.
903 4007 945 4062 26.
962 4034 996 4044 -
1015 4004 1066 4060 Ov.
1083 4005 1161 4060 Fast.
1179 4004 1200 4070 1,
1219 4006 1261 4059 67.

156 4095 216 4148 714.
235 4095 293 4148 287.
311 4095 370 4148 701.
387 4094 437 4147 721
456 4092 520 4145 dun.
555 4088 577 4160 ³)
597 4091 663 4146 Vel.
681 4093 757 4146 Max.
777 4092 839 4147 Tib.
858 4093 882 4160 t,
902 4093 926 4158 5,
945 4094 969 4146 3.
1005 4091 1025 4160 ⁴)
1044 4091 1129 4145 Merk.
1143 4089 1215 4146 Prol.
1233 4106 1260 4161 p.

155 4181 215 4234 403.
250 4179 272 4249 5)
291 4179 367 4234 Suet.
386 4179 448 4232 Tib.
469 4178 568 4232 1126.
