2880 5182
591 784 801 844 ..37-

148 971 246 1032 sidera
264 971 434 1048 (disposuit,
460 971 597 1031 homines
623 970 707 1030 docti
734 970 871 1030 obscuris
897 972 1034 1030 versibus
1059 971 1104 1032 ita
1130 974 1249 1049 aliquid

147 1075 222 1134 10010
254 1074 359 1133 afferre
391 1073 502 1147 solent,
533 1078 567 1132 ut
597 1091 664 1132 eum
691 1072 859 1148 Gaesarem,
891 1073 943 1149 qui
973 1075 1076 1134 orbem
1101 1080 1249 1136 terrarum

145 1177 251 1237 Rhodi
277 1180 413 1237 recturus
440 1177 533 1236 fuisse
559 1177 694 1252 solisque
720 1179 818 1236 instar
844 1177 987 1236 mundum
1012 1178 1181 1240 illustrasse
1203 1181 1248 1239 di·

145 1283 236 1359 citur,
276 1281 432 1340 Tiberium
471 1299 537 1341 esse
571 1281 733 1342 affirment:
773 1283 853 1341 hunc
886 1283 965 1342 enim
998 1281 1082 1340 iussu
1113 1282 1249 1359 Augusti

144 1393 284 1446 coactum
313 1385 383 1444 inde
414 1385 451 1444 ab
482 1403 509 1442 a.
531 1383 570 1442 U.
592 1387 648 1444 748
674 1402 768 1461 usque
795 1385 833 1443 ad
861 1386 916 1445 755
943 1385 974 1443 10
1001 1385 1102 1445 100010
1122 1386 1248 1446 Phoebo

144 1494 253 1549 sancta
277 1487 376 1547 sedem
402 1486 580 1547 obtinuisse.
623 1484 714 1560 Quod
740 1487 766 1545 01
788 1487 912 1547 Manilii
938 1490 1031 1547 verba
1058 1489 1131 1564 quid
1153 1468 1249 1549 velint

145 1594 229 1652 recte
263 1591 456 1668 intellegunt,
485 1590 556 1650 hinc
581 1590 720 1666 efficitur,
752 1594 787 1650 ut
812 1597 885 1667 tum,
916 1609 983 1651 cum
1008 1591 1249 1654 Astronomieon

146 1694 259 1754 librum
286 1693 335 1753 IV
367 1694 419 1754 ille
450 1693 632 1770 composuit,
662 1693 820 1754 Tiberium
849 1695 1016 1773 aliquando
1048 1696 1206 1773 imperium
1231 1718 1250 1758 a

148 1802 235 1874 patra
259 1803 453 1873 accepturum
477 1798 537 1857 iarn
563 1815 649 1858 nemo
676 1797 873 1874 ignoraverit.
917 1799 1016 1872 Quam
1043 1799 1082 1858 ob
1107 1818 1168 1859 rem
1189 1809 1249 1860 sta-

148 1900 292 1961 tuendum
312 1907 369 1978 cst,
389 1904 522 1962 tractata
541 1919 607 1961 esse
628 1901 762 1961 themata
783 1919 919 1978 quaeque
940 1921 1006 1962 cum
1027 1903 1071 1963 eis
1086 1903 1249 1964 cohaerent

142 2007 220 2081 ⁴post
248 2023 360 2064 annum
386 2007 451 2081 757,
483 2022 543 2080 quo
570 1997 697 2065 mortuis
720 2004 753 2066 0.
785 2009 817 2064 et
841 2005 878 2064 L.
907 2005 1089 2067 Caesaribus
1120 2009 1164 2068 rei
1194 2028 1248 2086 pu-

147 2107 246 2168 blicae
266 2124 357 2168 causa
378 2108 565 2170 Octavianus
585 2108 694 2168 Liviae
715 2109 810 2168 filium
830 2109 970 2169 heredem
991 2111 1113 2170 fecerat.

223 2211 359 2273 Primum
379 2216 479 2272 autem
498 2213 629 2272 Iacobus
649 2212 748 2271 miuus
769 2218 849 2273 recte
871 2212 953 2279 sic¹⁰)
973 2214 1173 2274 ratiocinatus
1192 2221 1248 2292 est,

146 2321 181 2375 ut
211 2316 296 2392 talia,
327 2317 430 2392 qualia
459 2316 497 2376 de
529 2316 640 2376 Rhodo
672 2316 755 2392 apud
781 2316 943 2376 Manilium
972 2317 1125 2394 leguntur,
1156 2319 1249 2379 scribi
1327 2305 1330 2310 ⁴

145 2420 286 2496 potuisse
312 2427 438 2497 negarat
463 2420 523 2479 nisi
549 2419 644 2479 multo
671 2426 835 2497 postquam
848 2420 999 2480 Tiberius
1023 2439 1089 2479 cum
1109 2428 1196 2500 patre
1217 2423 1249 2481 in

146 2524 277 2602 gratiam
316 2524 472 2584 rediisset:
512 2524 589 2602 „hoc
623 2541 698 2596 esse,
732 2525 791 2600 ait,
824 2523 895 2584 inde
930 2542 1134 2601 consequens,
1168 2526 1250 2601 quod

146 2627 289 2687 Rhodius
320 2611 453 2686 secessus
484 2627 531 2686 illi
562 2627 614 2687 diu
636 2626 929 2695 invidiosissimus¹¹)
951 2646 1018 2688 cum
1038 2629 1141 2704 aliqua
1161 2628 1249 2688 laude

147 2736 445 2805 commemoraretur3
472 2749 507 2790 00
530 2731 626 2807 igitur
645 2736 781 2808 tempore
803 2748 908 2790 versus
929 2731 986 2790 hac
1006 2731 1043 2790 de
1064 2751 1096 2791 re
1118 2733 1250 2809 scriptos

148 2852 229 2912 0000,
261 2853 328 2894 cum
357 2835 506 2911 gliscente
536 2835 712 2894 adulatione
744 2851 840 2911 neque
871 2834 951 2892 cives
981 2835 1111 2910 puderet
1142 2834 1250 2910 quovis

149 2926 306 2999 mendacio
344 2938 512 2997 demulcere
549 2938 719 3015 principem
755 2956 809 2997 nee
840 2936 990 2997 obdurato
1024 2957 1076 2998 ore
1108 2939 1250 2998 Tiberius

148 3046 276 3118 curaret,
298 3059 387 3118 quarn
408 3042 527 3101 abiecto
549 3047 704 3118 praeesset
724 3041 841 3118 populo
855 3041 1026 3101 Romano“.
1056 3042 1179 3101 Etenim
1198 3044 1250 3102 vix

148 3145 230 3222 apud
262 3143 443 3205 Suetonium
473 3145 521 3204 vel
557 3145 642 3221 apud
671 3144 809 3204 'l'aeitum
839 3145 977 3203 invenias
1007 3130 1117 3209 nomen
1147 3144 1251 3206 Rhodi

147 3249 248 3327 ipsum
272 3248 397 3308 Tiberio
428 3249 521 3307 fuisse
548 3248 694 3324 invisum;
724 3249 783 3308 hoc
811 3250 911 3308 autem
936 3247 1029 3306 variis
1057 3247 1172 3318 locis¹²t
1202 3268 1251 3309 oo·
1326 3310 1328 3315 .

148 3370 278 3430 gnoseos
304 3353 440 3431 graviter
465 3353 592 3429 punitos
618 3370 683 3412 0000
710 3371 773 3427 000,
798 3353 851 3428 qui
871 3351 1033 3411 ludibrii
1054 3370 1145 3411 causa
1165 3354 1250 3413 exilii

148 3455 265 3544 Rhodii
296 3457 469 3518 memoriam
501 3462 726 3516 revocaverant.
770 3456 815 3516 At
845 3455 876 3513 in
908 3454 1125 3532 gloriationem
1151 3475 1252 3517 coram

154 3560 280 3621 Tiberio
311 3560 437 3621 eandem
463 3560 630 3635 sexcenties
655 3578 711 3637 per
736 3559 816 3619 diem
842 3558 920 3618 verti
945 3556 1094 3635 potuisse,
1124 3560 1182 3621 hoc
1208 3562 1252 3621 ita

151 3664 345 3724 manifestum
366 3673 421 3739 est,
442 3669 477 3722 ut
495 3663 756 3723 demonstratione
777 3680 839 3722 non
860 3665 957 3738 egeat,
978 3680 1075 3738 neque
1096 3663 1185 3724 huius
1207 3666 1252 3725 rei

151 3773 260 3827 testem
290 3785 367 3843 opus
398 3773 445 3828 est
476 3768 514 3826 ab
543 3765 623 3826 Orco
655 3767 786 3826 excitare
815 3766 977 3842 Velleium,
1009 3766 1061 3841 qui
1086 3767 1251 3827 historicus

151 3870 207 3946 (ΙΙ,
237 3871 288 3945 99)
320 3888 414 3947 00000
446 3870 602 3930 Tiberium
627 3869 732 3929 Rhodi
761 3870 912 3947 privatam
942 3870 1034 3929 fuisse
1064 3871 1251 3930 maiestatem

149 3973 262 4033 blande
304 3978 415 4034 narret.
464 3974 587 4048 Itaque,
626 3973 652 4031 01
687 3973 807 4048 quidem
840 3975 922 4033 omni
955 3979 1091 4050 tempore
1125 3973 1250 4032 Tiberio

149 4077 324 4137 adulatores
345 4076 504 4154 affuerunt,
525 4077 709 4152 quotannis
729 4084 802 4155 post
822 4078 939 4138 Tiberii
959 4076 1090 4138 reditum
1102 4076 1250 4135 Manilius

147 4179 291 4240 Rhodum
310 4186 454 4256 tauquam
472 4179 603 4239 insulam
623 4180 807 4258 hospitalem
820 4180 1028 4256 celebraverit,
1049 4181 1251 4240 confitendum
1338 4202 1344 4225 ³

148 4289 196 4344 est
216 4283 301 4343 nullo
322 4284 417 4345 modo·
434 4303 450 4344 e
470 4283 528 4361 lV,
550 4287 607 4345 764
627 4286 782 4361 cognosci.
812 4284 861 4344 Ac
881 4284 1036 4344 vacillavit
1057 4284 1101 4344 ita
1120 4284 1251 4344 Iacobus

216 4517 248 4582 ¹⁰)
275 4518 372 4588 Progr.
396 4517 467 4572 Lub.
496 4535 523 4588 p.
550 4519 567 4576 6
593 4523 622 4573 at
648 4516 736 4588 praef.
763 4535 790 4591 p.
816 4520 854 4575 16.
900 4519 931 4584 ¹¹)
954 4516 1030 4573 Suet.
1055 4518 1118 4572 Tib.
1143 4519 1251 4572 10-13.

147 4601 275 4673 ¹²)Suet.
293 4603 356 4660 Tib.
374 4603 416 4658 56.
433 4603 477 4658 to.
529 4656 533 4661 .
