2880 5182
608 373 819 433 ..48-

163 558 271 620 minini
292 576 394 617 vocem
415 590 450 600 —
472 556 528 632 IV,
550 559 606 615 823
626 556 679 614 diu
701 557 719 615 i.
742 576 766 616 e.
788 557 846 616 die.
889 555 950 615 Sed
971 557 1045 616 haec
1067 557 1187 631 quidem
1201 542 1280 614 hao-¹

164 669 262 738 tenus,
284 680 320 721 ne
341 679 420 720 mere
441 658 642 718 enumerando
665 660 712 717 vel
733 660 809 718 folia
830 660 927 718 literis
943 661 1124 735 expleantur
1138 660 1184 718 vel
1200 666 1273 717 tem-

164 784 221 843 pus
248 767 360 825 frustra
384 768 587 823 consumatur.
628 763 750 821 Etenim
770 763 842 821 licet
861 764 932 838 plns
954 765 1105 822 sexcentis
1126 763 1274 822 mehercle

165 867 348 929 testimoniis
374 867 489 944 possim
514 867 644 942 probare
665 865 884 925 Astronomica
910 868 1073 942 praecipue
1094 865 1275 924 Lucretiani

165 973 306 1033 carminis
327 972 365 1030 ad
387 970 615 1029 similitudinem
635 986 700 1028 esse
721 970 891 1044 composita
912 971 1099 1045 maximeque
1115 970 1148 1027 in
1162 969 1274 1027 docen-

165 1077 212 1135 dis
239 1075 329 1134 rebus
355 1090 571 1150 saepenumero
600 1072 825 1147 simplicitatem
846 1073 984 1132 Lucretii
1004 1073 1162 1150 propriam
1187 1071 1275 1130 affec-

166 1184 270 1254 tatam,
295 1177 369 1237 satis
390 1183 490 1235 tamen
511 1182 558 1233 est
577 1175 683 1251 paucis
703 1176 928 1235 demonstrasse
949 1183 1070 1253 poetam
1092 1194 1168 1249 eum,
1188 1176 1276 1234 cuius

167 1288 297 1344 aetatem
320 1281 517 1355 anquirimus,
544 1279 600 1338 tali
620 1279 741 1338 dicendi
763 1298 872 1355 genere
894 1297 978 1338 nsum
999 1298 1073 1355 esse,
1101 1280 1189 1354 quale
1210 1279 1276 1352 qui·

166 1387 234 1446 dem
255 1385 411 1443 Tiberium
437 1382 606 1441 cacozelum
633 1381 718 1441 illum
744 1388 774 1440 et
801 1383 1007 1458 antiquarium
1034 1401 1147 1442 summo
1173 1399 1276 1440 amore

168 1489 339 1566 amplexum
359 1505 424 1546 esse
446 1486 536 1544 uobis
557 1490 744 1561 compertum
764 1493 819 1544 cst.
841 1518 877 1527 -
900 1485 1018 1558 Quodsi
1033 1487 1123 1545 huius
1139 1487 1170 1543 in
1184 1486 1276 1543 vesti·

168 1592 228 1669 giis
259 1590 403 1651 oratoriis
430 1608 497 1649 cum
523 1595 621 1648 totum
648 1608 702 1673 per
730 1607 848 1648 carmen
874 1589 1013 1649 incedere
1038 1590 1187 1649 Manilius
1213 1606 1276 1646 non

168 1695 363 1770 dubitaverit,
385 1711 445 1768 qua
464 1692 586 1752 tandem
606 1693 725 1751 ratione
743 1693 882 1768 efficitur,
904 1699 938 1751 ut
952 1693 1125 1769 patrocinio
1140 1691 1277 1768 Augusti

168 1806 313 1873 tanquam
333 1798 371 1856 ab
391 1795 603 1900 illo·expetito
625 1795 699 1854 fides
721 1795 882 1856 nascatur?
916 1796 1007 1855 Unde
1028 1803 1121 1873 poeta
1140 1797 1171 1853 iu
1193 1814 1277 1871 spem

169 1901 273 1979 potuit
296 1901 398 1959 venire
421 1902 579 1959 obscuram
601 1899 829 1973 obsoletamque
851 1901 1020 1959 orationem
1042 1902 1070 1959 ei
1090 1901 1155 1957 fore
1177 1898 1277 1957 oblec-

170 2010 313 2079 tamento,
341 2005 393 2078 qui
414 2004 451 2061 ab
474 2003 614 2061 omnibus
636 2003 711 2060 nihil
733 2002 937 2061 vehementius
959 2005 1106 2079 posceret,
1135 2019 1222 2076 quam
1244 2008 1278 2058 ut

170 2108 360 2185 apertissime
381 2115 412 2165 et
425 2105 639 2165 consuetudini
653 2106 869 2164 convenienter
883 2106 1040 2166 dicerent?
1071 2105 1203 2165 Necesse
1219 2103 1278 2162 fuit

107 2191 108 2194 Ἴ
171 2211 304 2270 carmina
335 2209 547 2285 cognoscenda
570 2208 658 2266 daret
683 2208 721 2266 ad
749 2226 824 2281 eum,
857 2209 908 2283 qui
933 2210 1015 2286 apud
1040 2210 1171 2268 Latinos
1199 2209 1279 2266 sicut

170 2313 341 2391 peregrinis
371 2313 545 2371 hominibus
578 2311 621 2370 ita
653 2311 841 2371 soloecismis
873 2313 935 2370 suis
965 2313 1118 2372 civitatem
1143 2313 1278 2370 tribuere

172 2419 304 2493 cuperet.
340 2414 448 2490 Longe
469 2433 541 2474 vero
562 2416 833 2490 propensissimum
854 2415 892 2473 ad
912 2417 1129 2475 Astronomica
1149 2414 1279 2491 legenda

172 2520 221 2578 vel
242 2521 332 2578 etiam
352 2518 570 2578 remuneranda
591 2518 685 2576 fuisse
701 2517 856 2577 Tiberium
877 2520 988 2578 clarius
1010 2520 1074 2579 lnce
1089 2520 1179 2593 foret,
1201 2519 1225 2576 si
1242 2535 1278 2576 cx

173 2623 270 2700 ipsius
299 2622 452 2697 operibuS,
480 2638 567 2696 quam
594 2622 692 2680 oratio
719 2621 902 2680 redoluisset
930 2621 1144 2697 antiquitatem
1171 2625 1202 2680 in
1222 2623 1278 2681 illo

174 2727 305 2785 carmine
334 2726 383 2784 hic
414 2723 479 2783 illic
507 2724 709 2800 conspicuam,
739 2725 971 2800 perciperemus.
1017 2726 1118 2800 Atqui
1143 2727 1279 2785 dolemus

174 2828 251 2888 nihil
271 2847 308 2887 ex
330 2829 368 2886 iis
383 2845 539 2904 superesse
554 2828 613 2886 nisi
629 2829 783 2886 orationes
797 2829 898 2887 verbis
914 2827 1094 2904 Tacitinis1)
1111 2846 1280 2905 expressas,

176 2949 251 3006 quae
277 2932 316 2990 ad
342 2949 404 2990 rem
424 2931 502 2989 nihil
523 2931 645 2990 faciant.
686 2931 794 3006 Itaque
816 2930 956 2990 Suetonii
978 2934 1009 2990 in
1030 2933 1213 2992 auctoritate
1232 2949 1280 2989 ac-

177 3030 391 3109 quiescendum
412 3034 502 3093 nobis
523 3033 614 3108 oriar)

255 3138 398 3212 Perinde,
421 3156 508 3213 quam
529 3142 611 3195 arcte
632 3135 711 3195 iuter
733 3138 922 3197 scribendum
942 3139 1090 3198 Manilius
1111 3138 1150 3196 ad
1171 3156 1281 3197 sermo·

176 3238 308 3299 cinantis
329 3239 447 3300 Tiberii
467 3240 717 3299 cousuetudinem
738 3259 769 3299 se
790 3242 1073 3316 accommodaverit,
1095 3243 1165 3300 inde
1187 3260 1280 3317 appa·

177 3348 233 3418 ret,
261 3343 341 3417 quod
366 3344 539 3419 praeclarus
566 3345 645 3403 inter
670 3351 792 3420 poetam
812 3352 843 3404 ct
863 3347 1030 3422 principem
1050 3363 1214 3404 consensus
1235 3349 1283 3404 est

178 3446 215 3504 de
237 3443 361 3505 Graecis
383 3447 483 3505 verbis
504 3447 635 3506 Latinae
656 3448 777 3524 linguae
799 3449 972 3508 inferendis.
1013 3449 1182 3508 Identidem
1202 3449 1282 3507 enim

177 3549 430 3625 deprehendimus
457 3552 646 3626 astrologum
671 3552 790 3609 veniam
810 3552 1026 3627 postulantem,
1048 3554 1126 3613 sicut
1146 3554 1282 3630 Augusti

179 3670 333 3712 successor
346 3654 427 3729 apud
444 3659 580 3713 senatum
594 3656 761 3729 consuevit,
783 3656 864 3730 quod
878 3656 971 3732 patrii
987 3657 1132 3715 sermonis
1148 3659 1282 3732 egestate

179 3757 328 3815 vocabulo
349 3756 512 3832 peregrino
534 3757 579 3814 uti
600 3763 735 3832 cogatur.
768 3759 852 3832 Quae
874 3777 921 3817 res
943 3760 1033 3818 etiam
1050 3761 1075 3817 si
1090 3762 1128 3819 ab
1144 3759 1281 3834 exemplo

179 3857 365 3917 Lucretiano
395 3860 431 3936 (Ι,
455 3859 524 3935 830)
551 3859 699 3934 originem
725 3862 819 3938 ducit,
850 3862 938 3920 simul
964 3870 1063 3921 tomen
1087 3863 1166 3922 haud
1192 3862 1283 3920 dubie

180 4007 385 4019 ——1-—-

250 4092 269 4159 ι)
287 4094 361 4150 nnn.
379 4093 432 4161 111,
450 4096 475 4159 c,
492 4093 539 4160 aa
556 4092 609 4160 ru,
627 4094 668 4147 er.
710 4093 731 4161 ²)
749 4093 825 4149 suat.
843 4058 928 4163 grau.
947 4110 970 4149 ο.
987 4096 1029 4150 aa
1048 4122 1081 4131 -
1100 4093 1154 4148 cfr.
1175 4091 1281 4147 charis.

181 4192 209 4246 p.
229 4179 286 4232 124.
