2880 5182
643 378 852 439 ..70-

197 566 288 625 Alius
315 564 368 622 ille
395 563 462 638 quis
489 562 582 621 fuerit
607 563 634 620 si
661 581 698 621 ex
724 580 770 621 me
796 580 919 637 quaero,
945 562 1019 621 mihi
1045 563 1144 620 invito
1169 560 1310 619 venitin

197 674 326 727 mentem
349 667 459 724 iterum
479 664 554 737 eius,
580 665 633 738 qni
653 664 771 723 Tiberii
791 672 891 723 aetate
911 666 1027 724 Aratea
1047 665 1181 740 scripsit.
1223 663 1309 737 Quo·

197 772 278 829 niam
299 769 378 828 euim
398 768 506 826 horum
526 767 714 844 fragmentis,
736 785 813 842 quae
834 775 1006 844 supersunt,
1027 769 1101 827 fides
1115 785 1309 843 nequaquam

198 872 377 948 abroganda
402 874 459 945 est,
487 868 684 928 Germanicus
711 872 743 928 in
769 889 861 946 opcre
888 889 943 930 suo
968 884 1154 948 postremum
1180 870 1212 929 id
1233 871 1311 946 egit,

198 984 233 1035 ut
260 975 334 1050 quid
354 973 480 1032 Zodiaci
501 972 589 1048 signa
609 973 812 1048 planetasque
833 974 871 1032 ad
892 978 1104 1049 tempestatem
1123 977 1310 1033 commutan-

198 1081 267 1139 dam
296 1079 433 1136 valerent
463 1076 569 1153 pransis
601 1077 784 1153 explicaret3
814 1078 851 1136 dc
877 1079 1003 1153 reliquis
1028 1088 1128 1136 autem
1155 1077 1310 1136 sideribus

198 1181 295 1240 tacuit
320 1180 489 1254 fefellitque
516 1199 586 1256 spes
607 1199 719 1255 eorum,
746 1184 798 1254 qui
818 1181 1032 1240 Phaenomena
1051 1183 1187 1257 legentes
1208 1181 1308 1239 totius

199 1286 275 1345 caeli
297 1284 426 1361 speciem
446 1284 669 1342 adamaverunt.
702 1283 772 1343 Hoc
794 1285 894 1360 ipsum
910 1285 1067 1359 Manilius,
1088 1302 1154 1342 cum
1175 1288 1310 1358 quantae

201 1388 365 1463 qualesque
392 1387 549 1462 signorum
568 1386 636 1445 XII
656 1387 736 1444 vircs
757 1393 859 1445 essent
879 1387 959 1445 libro
980 1386 1023 1444 ll'
1044 1386 1246 1462 exposuisset,
1277 1386 1311 1443 in

200 1496 365 1550 extremum
384 1507 493 1565 poema
513 1508 693 1565 properans,
720 1492 754 1548 ut
775 1489 896 1565 opinor,
921 1489 1099 1548 recordatus
1119 1495 1173 1548 cst.
1217 1488 1311 1563 Quod

199 1614 237 1653 ne
262 1594 399 1667 sentiam,
426 1593 500 1667 qnid
527 1593 649 1651 tandem
673 1593 889 1668 impedimento
916 1592 981 1652 esti
1020 1592 1132 1652 Nonne
1154 1611 1309 1652 recurrere

200 1716 325 1775 possum
345 1697 384 1755 ad
405 1697 573 1772 superiora,
595 1696 705 1770 quibus
726 1696 837 1755 librum
858 1697 1098 1755 Astronomicon
1116 1696 1145 1754 V
1166 1696 1313 1755 rixante

201 1820 312 1859 anunm
341 1803 397 1860 775
430 1799 576 1875 scriptum
607 1816 672 1857 esse
703 1799 907 1875 probaverim,
937 1799 1044 1874 hisque
1074 1798 1195 1873 addere,
1227 1799 1314 1873 qnod

202 1905 399 1966 Germanicus
437 1921 518 1961 anno
553 1903 592 1962 U.
627 1906 683 1962 772
717 1908 878 1962 auctumuo
913 1904 1037 1964 incunte
1070 1908 1206 1961 mortuus
1243 1902 1312 1962 cst?
1359 1920 1362 1924 ·

200 2009 312 2068 Nonne
345 2008 416 2065 hinc
449 2007 521 2066 talis
551 2006 707 2064 conclusio
740 2007 883 2064 eflicitur:
916 2006 1064 2064 Manilius
1095 2022 1150 2063 suo
1182 2005 1312 2062 carmini

201 2113 290 2171 finem
316 2110 463 2185 imposuit
486 2109 582 2167 multo
602 2112 676 2183 post
697 2126 785 2182 qnam
807 2107 980 2167 Germanici
1000 2126 1119 2167 carmen
1140 2108 1314 2167 confectum

200 2222 231 2273 et
250 2211 424 2271 absolutum
444 2211 521 2270 fuit?
556 2211 669 2269 Nonne
689 2220 847 2287 praetcrea
867 2213 931 2269 veri
951 2220 997 2270 cst
1017 2213 1213 2287 simillimum,
1233 2231 1314 2289 cum,

202 2318 254 2391 qui
274 2316 390 2391 prImos
411 2315 566 2374 cuiusdam
586 2315 727 2372 carminis
748 2333 853 2373 versus
874 2316 964 2391 plane
987 2315 1168 2391 cognovisse
1189 2315 1313 2373 iudiciis

200 2438 308 2495 parum
333 2419 483 2495 ambiguis
510 2424 666 2495 arguatur,
693 2438 730 2477 nc
757 2419 880 2477 ultimos
903 2419 1023 2493 quidem
1043 2419 1220 2494 ignorasse?
1261 2419 1314 2477 Ita

202 2523 349 2581 mehercle
376 2523 442 2581 fieri
467 2524 579 2599 potuit,
606 2528 640 2580 ut
665 2522 813 2581 Manilius
836 2522 1016 2582 Germanico
1042 2523 1213 2581 studiorum
1238 2522 1314 2581 olim

203 2628 286 2685 socio
320 2628 528 2703 imperfectam
555 2626 706 2685 rationem
733 2627 810 2685 vitio
837 2628 969 2701 duceret,
1000 2644 1096 2700 neque
1122 2625 1218 2702 igitur
1246 2628 1314 2686 sine

204 2730 286 2788 omni
312 2730 533 2805 probabilitate
559 2729 597 2787 ad
624 2749 668 2805 ea,
695 2747 770 2804 quae
792 2730 1004 2805 supraposui,
1030 2730 1219 2806 cogitatione
1240 2729 1315 2789 licet

203 2832 277 2890 haec
300 2833 388 2908 fingi:
414 2834 572 2909 „consiliis
594 2833 759 2892 carminum
779 2834 985 2892 faciendorum
1006 2833 1087 2892 inter
1105 2837 1213 2910 poetas
1234 2850 1314 2892 com·

203 2935 364 2993 municatis
392 2937 473 2994 iuter
499 2935 740 3010 componendum
766 2936 868 2994 nescio
895 2954 984 3010 quam
1009 2937 1149 2996 consulto
1176 2936 1254 2995 altor
1274 2936 1315 2994 ab

204 3038 301 3097 altero
329 3037 406 3096 nihil
429 3039 594 3111 quaesivit3
619 3043 683 3097 tum
704 3040 830 3114 demum,
851 3058 918 3098 cum
939 3038 1111 3098 Germanici
1131 3041 1247 3099 Aratea
1268 3058 1314 3098 sa·

204 3142 245 3199 tis
270 3142 453 3217 pervulgata
479 3175 514 3183 —
544 3160 723 3217 quamquam
745 3141 909 3202 Suetonius
936 3144 974 3201 dc
999 3144 1036 3201 iis
1057 3145 1133 3220 ipsis
1155 3144 1233 3202 nihil
1253 3149 1314 3203 tra·

205 3244 285 3303 didit
313 3277 348 3288 —
375 3245 573 3320 lectitataque
595 3245 687 3321 fuere,
709 3250 743 3303 ut
763 3245 811 3304 vel
832 3247 925 3304 verba
945 3247 1026 3322 apud
1048 3246 1127 3305 alios
1148 3247 1314 3323 scriptores

205 3347 310 3406 furtim
330 3348 368 3405 ad
390 3349 444 3407 illa
464 3349 636 3423 spectantia
656 3349 694 3406 ab
717 3349 856 3407 omuibus
878 3349 939 3408 fcrc
961 3349 1227 3426 intellegerentur3
1251 3356 1315 3408 tum

204 3451 332 3525 demum,
358 3450 491 3528 inquam,
512 3453 544 3511 in
565 3452 693 3511 exordio
715 3453 842 3510 extremi
862 3452 1102 3512 Astronomicon
1122 3454 1196 3512 libri
1214 3454 1315 3513 Mani-

207 3555 266 3612 lius
297 3554 406 3613 vitinm
433 3555 474 3630 id,
506 3557 587 3630 (quod
614 3556 645 3614 in
672 3555 887 3631 Prognosticis
912 3557 1178 3633 animadverterat,
1208 3559 1315 3633 paucis

206 3657 420 3732 significavit.“
457 3658 541 3732 Quae
562 3659 588 3717 si
610 3658 668 3716 tibi
690 3675 810 3732 quoque
831 3659 1009 3718 verisimilia
1029 3659 1223 3735 videbuntur,
1244 3661 1316 3720 inde

208 3759 392 3819 sententiam
406 3760 550 3820 Merkelii
567 3779 659 3836 supra
673 3766 737 3818 tum
750 3761 891 3820 reiectam
906 3769 969 3821 tum
982 3770 1134 3838 receptam
1148 3764 1230 3823 iutra
1244 3782 1315 3823 suos

207 3864 353 3922 terminos
374 3882 513 3923 coerceas
536 3865 578 3941 (p.
600 3866 646 3924 56.
667 3866 728 3940 69).
749 3898 785 3906 -
807 3897 843 3907 -

285 3966 347 4027 Sed
374 3969 448 4027 haec
474 3968 575 4027 omnia
602 3967 676 4043 quid
703 3969 763 4027 sibi
784 3968 909 4029 volunt?
952 3969 1104 4043 Quoniam
1123 3969 1316 4030 Astronomi-

208 4088 265 4129 con
286 4069 375 4129 libris
396 4088 482 4130 snum
502 4071 610 4145 cuique
631 4090 744 4131 aninum
765 4073 852 4147 quasi
873 4073 1004 4132 natalem
1020 4074 1192 4133 adscribere
1206 4072 1238 4132 in
1251 4074 1316 4132 aui-

209 4192 288 4236 mum
308 4173 491 4253 induximus
513 4174 587 4253 quid
608 4175 668 4235 iam
688 4177 774 4237 iuvat
792 4178 901 4238 docere
922 4176 1034 4236 librum
1047 4174 1078 4234 V
1098 4181 1199 4238 aetate
1213 4184 1315 4254 postc-
