2880 5182
634 371 825 434 ..ss-

983 453 994 507 l

169 558 373 637 Byzantinum
393 558 571 637 praesertim
590 557 746 618 literatum
764 557 890 617 dedecet
903 573 939 614 ea
953 557 1143 634 cognomina,
1165 558 1274 633 quibus

168 663 200 722 in
227 663 359 723 carmine
386 663 455 739 ipso
483 662 522 721 ad
548 662 760 722 celebrandum
784 662 954 739 principem
978 661 1025 719 uti
1044 666 1153 737 poetae
1174 661 1274 736 liceat,

168 767 260 826 etiam
285 766 481 843 inscriptioni
508 766 592 824 illius
619 765 799 839 inseruisse,
830 770 975 840 tanquam
1001 764 1027 822 si
1053 764 1113 824 iam
1137 771 1275 824 mortuus

167 875 259 945 atque
280 870 361 929 inter
384 887 511 946 superos
532 874 673 945 receptus
693 868 854 945 Augustus
876 869 1081 928 astronomico
1102 868 1233 927 carmine
1258 887 1276 926 a

167 972 299 1032 Manilio
320 971 453 1032 donatus
474 969 589 1048 esset5).

249 1075 339 1149 Quod
367 1076 393 1134 si
419 1080 500 1134 recte
522 1075 680 1150 posuimus
704 1073 904 1134 Octavianum
924 1080 1035 1150 poetae
1054 1080 1217 1152 patronum
1238 1093 1274 1134 ex

167 1178 270 1238 nascio
282 1179 367 1237 cuius
379 1178 504 1238 lectoris
516 1179 616 1255 capite
629 1185 729 1238 ortum
740 1196 804 1237 esse
816 1179 921 1238 eodem
930 1179 1031 1254 modo,
1047 1196 1107 1254 quo
1121 1179 1188 1254 quis
1201 1176 1274 1238 Ger·

164 1282 314 1342 monicum
325 1281 442 1341 Aratea
455 1281 494 1340 ad
505 1281 681 1359 Augustum
691 1283 863 1342 mittentem
876 1277 984 1358 fecit⁶),
998 1282 1093 1358 nullo,
1108 1285 1142 1341 ut
1153 1283 1274 1359 opinor,

164 1403 257 1462 passu
272 1384 583 1445 averitate'Bontleio
598 1385 673 1469 duce
688 1386 870 1465 aberramus,
885 1404 952 1444 cum
962 1385 1124 1445 Manilium
1135 1391 1166 1444 et
1177 1388 1276 1463 ipsum

165 1489 235 1548 inde
254 1488 403 1566 originem
418 1489 527 1548 ducere
542 1488 696 1547 sentimur.
726 1488 893 1564 Fingamus
908 1489 988 1547 enim
1001 1489 1100 1546 animo
1116 1489 1154 1547 ab
1169 1489 1274 1547 eodem

164 1592 296 1667 homine,
308 1592 360 1667 qui
376 1592 496 1666 quidem
508 1590 670 1651 Octaviani
685 1609 795 1651 nomen
806 1591 1006 1650 coniectando
1019 1598 1174 1650 assecutus
1186 1597 1274 1667 esset,

165 1695 355 1771 astrologum
373 1695 463 1755 huius
483 1695 633 1771 principis
654 1695 810 1770 aequalem
832 1712 896 1754 esse
919 1695 1087 1768 quaesitum
1107 1698 1199 1768 atquc
1220 1696 1274 1753 ali·

167 1797 287 1873 quando
299 1799 380 1875 apud
391 1798 527 1858 Plinium
538 1798 570 1856 in
579 1797 723 1858 Naturali
733 1797 900 1875 Historial)
914 1799 941 1857 ei
953 1803 1127 1874 opportune
1139 1799 1275 1858 oblatum

165 1902 316 1961 Manlium
336 1901 399 1960 sive
413 1901 586 1975 Manilium,
609 1902 660 1976 qui
681 1902 775 1978 pilam
788 1901 925 1977 Augusti
944 1900 1077 1962 obelisco
1094 1903 1275 1978 imposuisse

165 2008 316 2079 narratur,
337 2005 483 2079 numquid
497 2023 564 2064 eum
578 2005 747 2082 impedivit,
763 2004 922 2080 quominus
937 2005 1017 2064 hunc
1032 2006 1275 2065 mathematicum

165 2107 247 2165 inter'
265 2111 374 2182 poetas
394 2107 523 2168 referret
537 2109 724 2183 relatumque
739 2109 980 2167 Astronomicou
995 2113 1148 2168 auctorem
1163 2126 1226 2168 esse
1242 2109 1274 2166 in

164 2210 318 2269 volumine
341 2228 396 2270 sno
418 2211 564 2271 adderet?
597 2211 691 2270 Cuius
705 2212 788 2271 modi
802 2212 880 2272 nihil
894 2229 1022 2288 prorsus
1036 2212 1129 2271 fnisse
1143 2213 1197 2272 ubi
1212 2214 1275 2290 pri·

163 2332 244 2373 mum
270 2315 412 2390 cognovi,
440 2315 513 2390 quin
539 2315 630 2373 huius
656 2333 765 2374 nomen
792 2317 917 2375 carmini
944 2316 1030 2393 prius
1054 2316 1276 2391 praescriptum

167 2419 256 2491 essct,
278 2421 365 2476 tanta
387 2418 622 2494 inscriptionum
643 2419 732 2477 unius
755 2419 857 2494 operis
878 2420 1055 2479 diversitate
1069 2419 1209 2494 equidem
1222 2419 1273 2477 vix

163 2520 344 2580 dubitabam
370 2539 404 2580 ac
430 2525 548 2580 ceteros
576 2539 696 2597 quoque
723 2524 881 2599 sperabam
908 2522 939 2582 in
966 2541 1061 2582 meam
1092 2524 1274 2582 sententiam

165 2642 219 2683 sua
241 2630 351 2701 sponte
372 2625 570 2701 discessuros,
592 2627 617 2683 si
639 2626 759 2701 quidem
779 2630 902 2686 constat
920 2626 1082 2685 Manilium
1101 2633 1224 2703 poetam
1244 2633 1274 2686 et

164 2729 216 2803 qui
248 2747 266 2787 a
290 2727 394 2786 leio
425 2734 609 2789 memoratur
635 2729 800 2790 Manilium
830 2729 1072 2789 mathematicum
1105 2730 1177 2789 olim
1209 2748 1274 2789 esse

125 2817 128 2823 ¹
164 2836 374 2890 commutatos.
415 2829 571 2891 Habemus
598 2833 739 2909 proiecto
766 2834 798 2891 in
824 2833 928 2892 codice
953 2832 1165 2891 Laurentiano
1194 2833 1276 2890 infra

164 2953 284 2994 carmen
313 2935 518 2996 mathematici
549 2937 632 2996 illius
663 2937 766 3012 vitam,
798 2955 874 3012 qnae
907 2941 1046 3013 superest
1076 2936 1108 2994 in
1140 2936 1275 2996 naturali

162 3039 303 3114 historia,
324 3039 458 3099 breviter
479 3038 706 3118 explanatam).
729 3074 765 3084 ·-

237 3142 379 3218 Denique
412 3144 494 3218 quod
525 3144 556 3202 in
589 3145 727 3204 codicum
757 3144 846 3203 huius
872 3144 993 3220 generis
1020 3142 1120 3202 titulis
1146 3142 1275 3218 legimus

162 3245 523 3321 ‚,Astronomicon“‚
549 3249 607 3308 hoc
628 3247 807 3307 vocabulum
827 3252 935 3322 poetas
956 3246 1060 3306 deberi
1082 3251 1152 3304 ante
1175 3245 1275 3304 omnia

241 3495 262 3563 5)
288 3496 353 3551 Ηοο
378 3496 473 3550 vitium
498 3494 564 3549 nihil
586 3496 671 3549 habet
694 3495 891 3562 excusationis,
913 3495 979 3547 licet
1000 3495 1092 3559 verba,
1117 3511 1187 3563 qnae
1211 3496 1275 3546 suut

166 3585 221 3637 oct.
234 3581 375 3649 quirino,
387 3598 531 3652 perperam
545 3581 649 3651 scripta
663 3597 723 3635 esse
736 3598 786 3650 pro
797 3580 962 3637 Octaviano
977 3581 1067 3633 iacere
1080 3579 1168 3633 malis.
1190 3577 1212 3648 6)
1227 3579 1274 3633 cfr.

166 3668 266 3738 Breys.
286 3667 378 3722 Germ.
396 3669 479 3722 Arat.
501 3667 588 3737 praei.
610 3684 637 3737 p.
655 3667 749 3723 XXV.
785 3665 806 3735 ⁷)
831 3667 903 3720 Plin.
920 3665 956 3720 N.
975 3665 1012 3719 H.
1030 3667 1070 3731 36,
1096 3668 1135 3720 10.
1171 3665 1192 3728 8)
1210 3665 1276 3720 Noli

171 3753 284 3807 credero
300 3753 357 3806 ullo
375 3753 457 3808 modo
475 3755 569 3823 fugere
588 3770 632 3807 mc
650 3754 785 3824 potuisse,
808 3754 833 3805 in
852 3752 939 3822 ipsius
958 3768 1065 3822 qnoque
1084 3752 1274 3807 mathematici

169 3840 280 3894 nomine
304 3839 416 3894 codices
438 3840 542 3910 paritor
565 3842 647 3908 atque
665 3839 880 3893 Astronomicon
903 3837 1024 3891 auctoris
1041 3837 1180 3892 vacillare.
1217 3838 1273 3892 Sed

167 3926 238 3979 haec
256 3941 302 3979 res
320 3941 376 3979 non
395 3929 438 3979 est
455 3942 497 3992 aa,
520 3941 574 3995 qua
595 3925 688 3995 opinio
706 3941 769 3979 mea
786 3925 814 3978 in
833 3940 942 3978 cassum
960 3924 1107 3993 redigatur.
1143 3925 1274 3994 Byzanti·

163 4027 229 4065 num
253 4010 325 4065 enirn
344 4010 428 4078 illum,
452 4027 532 4080 quern
550 4011 639 4081 posui,
663 4011 757 4065 nescio
779 4027 815 4064 an
833 4014 880 4064 sat
898 4009 1026 4063 credibile
1044 4008 1081 4062 sit
1099 4009 1203 4062 Manilii
1221 4025 1273 4062 nec

165 4095 289 4151 Facundi
309 4094 400 4166 Nouii,
418 4096 490 4169 quod
510 4100 552 4154 est
569 4097 597 4151 in
616 4095 748 4169 optimo
768 4094 872 4164 codice,
891 4111 990 4151 nomen
1010 4095 1083 4164 apud
1096 4095 1215 4150 Plinium
1234 4095 1273 4149 in-

163 4198 278 4239 vonisse.
