2880 5182
640 382 829 443 ..4..

179 566 242 627 sive
268 566 371 626 Mallii
396 565 554 641 IIQVOM
586 566 649 626 sive
675 566 778 626 Mallii
803 571 914 644 poetae
945 564 1076 623 illustris
1102 564 1167 624 sive
1191 563 1284 624 boeni

179 670 243 729 sive
271 668 361 728 Malii
397 671 461 729 sive
492 669 604 729 Manlii
639 675 749 747 poetae
780 668 940 728 clarissimi
972 667 1035 725 sive
1066 665 1191 725 Manilii
1221 667 1284 725 sive

178 771 301 831 Manilii
335 772 443 831 Boeni.
474 804 511 814 -
543 772 612 845 Qua
642 790 658 831 e
688 772 844 831 nominum
875 770 952 829 seric
978 770 1069 829 etiam
1097 770 1123 827 si
1150 769 1285 846 legitime

177 874 310 935 Aratum
336 879 371 935 ut
395 875 526 935 alicuius
550 875 655 934 fraude
676 875 884 934 introductum
903 873 1061 948 movimus,
1087 873 1164 932 talia
1184 878 1285 931 tamen

179 980 305 1052 restant,
326 976 429 1053 qualia
449 995 512 1036 non
532 996 550 1036 a
570 977 706 1036 librariis
726 977 801 1036 solis
822 994 926 1036 verum
945 994 964 1034 a
984 975 1188 1052 scriptoribus
1208 975 1285 1050 ipsis

177 1079 329 1154 permixta
354 1081 505 1141 videntur.
547 1081 632 1157 Ergo
660 1080 734 1157 quid
761 1086 808 1139 est
834 1098 887 1139 cur
907 1078 1027 1153 Mallio,
1055 1079 1107 1154 qni
1134 1079 1167 1136 in
1188 1096 1284 1137 oxom-

178 1184 260 1260 pleri
279 1184 514 1261 diligentissime
536 1185 651 1262 scripto
672 1185 834 1260 reperitur,
860 1184 923 1243 sive
943 1183 1062 1242 Manlio
1084 1181 1285 1241 Manilium

177 1285 404 1363 praeferamus?
434 1286 624 1347 Laudaverit
645 1287 796 1364 quispiam
816 1287 906 1345 huius
927 1292 1081 1345 auctorem
1103 1282 1285 1343 Gerbertum

177 1389 362 1466 pontificem,
383 1390 436 1450 sed
459 1391 544 1450 nulla
559 1391 705 1468 probabit
717 1391 839 1450 ratione
854 1408 920 1450 eum
934 1407 1037 1449 verum
1050 1394 1161 1465 poetae
1176 1406 1285 1447 nomen

179 1508 235 1551 nec
254 1492 314 1551 iam
333 1492 444 1552 falsum
463 1494 607 1552 memoria
627 1493 771 1552 tenuisse.

254 1593 285 1653 N
288 1612 321 1654 ee
346 1596 429 1655 solae
456 1597 587 1656 nominis
612 1597 720 1656 literae
745 1596 902 1671 vacillant,
936 1595 989 1655 sed
1015 1596 1107 1655 etiam
1133 1614 1220 1672 quem
1246 1596 1285 1655 ad

178 1698 299 1758 modum
322 1698 441 1758 Aratus
472 1701 516 1760 sia
541 1699 690 1759 Manilius
721 1699 853 1777 legentis
883 1700 1039 1759 cuiusdam
1066 1699 1215 1759 arbitratu
1246 1699 1284 1758 ad

177 1800 324 1861 honorem
358 1803 492 1862 auctoris
522 1802 764 1862 Astronomicon
795 1802 916 1861 videtur
946 1801 1149 1860 adscendisse.
1196 1801 1286 1860 Hanc

178 1906 309 1965 labimur
339 1906 377 1965 ad
408 1906 584 1981 opinionem
614 1905 798 1981 necessario,
831 1908 866 1965 ut
895 1905 1026 1981 primum
1057 1922 1158 1963 sumus
1187 1922 1286 1964 recor·

178 2007 244 2068 dati
273 2007 388 2067 nullam
418 2008 542 2067 omniuo
573 2006 805 2084 inscriptionem
836 2008 978 2067 carminis
1004 2007 1097 2066 fuisso
1123 2008 1155 2065 in
1182 2007 1285 2066 codice

179 2111 271 2188 longe
301 2111 508 2171 vetustissimo
535 2108 755 2170 Gemblacensi.
799 2109 894 2183 Quem
921 2109 974 2184 qui
1000 2110 1124 2169 ultimus
1150 2110 1286 2186 inspexit

180 2213 360 2274 Theodorus
382 2212 535 2290 Oehler,⁴)
556 2230 618 2271 non
638 2213 678 2271 ad
698 2212 941 2289 persuadendum
962 2218 1034 2288 apte
1055 2212 1285 2287 demonstravit,

179 2315 232 2375 sed
262 2316 391 2376 credidit
416 2318 536 2375 tantum
561 2314 606 2373 ibi
632 2315 757 2374 titulum
782 2314 886 2388 aliquo
913 2331 984 2373 casn
1011 2315 1151 2390 periisse.
1195 2314 1284 2374 Adeo

178 2418 237 2478 hoe
272 2437 291 2477 a
324 2424 434 2478 natura
468 2419 542 2478 libri
578 2419 734 2478 abhorret.
782 2416 863 2477 Nam
895 2418 922 2477 si
954 2435 1014 2493 qna
1043 2423 1113 2478 ante
1144 2420 1286 2479 carminis

178 2521 362 2598 principium
388 2520 425 2580 de
450 2523 544 2597 poeta
568 2521 661 2580 verba
685 2520 824 2595 fuissent,
851 2520 926 2579 haec
953 2521 985 2578 in
1012 2520 1050 2580 iis
1072 2539 1203 2598 quoque,
1233 2522 1286 2596 qui

175 2624 306 2700 primum
331 2625 567 2699 subsequuntur,
594 2624 683 2683 libris
709 2642 728 2682 a
753 2623 881 2682 librario
910 2641 981 2682 snae
1002 2624 1077 2682 artis
1097 2625 1284 2701 peritissimo

177 2734 354 2805 opportuno
386 2728 455 2787 loco
488 2728 613 2805 appiata
642 2728 852 2804 reperiremus.
895 2726 989 2786 Cuius
1018 2727 1064 2787 rei
1094 2746 1132 2787 ne
1163 2728 1286 2787 minima

177 2831 297 2906 quidem
333 2835 486 2908 apparent
522 2831 662 2907 vestIgia.
709 2829 792 2905 Quid
826 2833 927 2888 autem
957 2830 1060 2907 aptius
1091 2831 1286 2908 excogitatur

177 2951 266 3010 quam
291 2953 366 3010 eum,
394 2935 446 3010 qui
471 2953 491 2994 a
511 2934 680 2994 scribendis
702 2933 859 2993 codicibus
881 2937 955 3008 erat,
984 2952 1070 2993 usum
1091 2952 1156 2994 esse
1175 2934 1285 2994 Astro-

177 3038 319 3098 nomicon
339 3037 488 3114 exemplo,
509 3038 541 3095 in
563 3054 622 3111 quo
643 3037 752 3096 titulus
774 3037 833 3096 iam
853 3055 915 3096 non
936 3038 996 3097 fuit
1017 3037 1176 3098 residuus?
1210 3039 1286 3097 lnde

177 3141 322 3201 facillime
342 3158 414 3200 saue
435 3139 635 3216 intellegitur,
658 3157 712 3198 cur
726 3139 929 3218 inscriptione
945 3138 1174 3200 Gemblacensis
1188 3147 1285 3200 vacet.
1372 3165 1378 3177 ·

177 3242 297 3302 Deinde
331 3242 445 3302 nullam
475 3242 566 3301 aliam
594 3242 685 3302 video
717 3260 837 3301 causam
868 3244 1001 3319 subesse,
1037 3244 1119 3318 qnod
1144 3245 1171 3307 ii
1201 3245 1284 3316 libri,

179 3347 232 3422 qui
253 3364 319 3406 aum
339 3345 395 3403 illo
417 3346 503 3405 nulla
522 3349 611 3422 parte
632 3346 806 3421 cohaerent,
827 3346 912 3405 velut
925 3346 1098 3422 Lipsiensis
1113 3355 1144 3409 et
1158 3348 1285 3407 Bruxel-

178 3448 281 3524 lensis‚
307 3464 415 3507 nomeu
436 3446 550 3506 Arati
575 3451 721 3522 tanquam
746 3448 880 3507 auctoris
906 3448 1039 3509 uadunt
1080 3449 1151 3509 Hoc
1176 3469 1285 3510 nomen

180 3552 312 3627 aliquem
345 3551 554 3611 tenebrionem
587 3551 741 3611 invenisse
776 3570 813 3611 ex
848 3552 1061 3629 similitudine,
1098 3571 1186 3628 quam
1220 3572 1286 3614 esse

179 3655 356 3716 meminerat
375 3654 600 3714 Astronomicis
621 3673 688 3714 cum
708 3654 931 3714 Phaenomenis
946 3655 1093 3734 Solensis,
1114 3675 1181 3717 aum
1194 3659 1285 3735 plane

179 3762 336 3835 appareat,
362 3773 415 3815 cur
442 3758 564 3816 tandem
591 3754 663 3816 tam'
677 3757 781 3833 inepte
802 3757 854 3817 ille
873 3758 1021 3830 finxisset,
1048 3760 1126 3819 siin
1147 3762 1286 3838 exemplo

179 3862 239 3921 iam
259 3866 373 3921 certum
393 3878 502 3919 nomen
516 3857 692 3919 habuisset?
706 3891 744 3903 -
757 3858 898 3935 Denique
912 3862 1006 3919 ceteri
1023 3878 1143 3938 quoque
1158 3864 1287 3940 codices,

181 3964 291 4039 quibus
316 3962 375 4024 hoe
397 3961 497 4023 literis
519 3961 700 4036 quibusdam
719 3961 919 4038 depravatum
941 3964 1061 4039 quidem
1082 3967 1134 4026 sed
1154 3966 1286 4028 Manilio

183 4094 388 4108 m

254 4181 275 4250 ⁴)
295 4178 351 4236 on.
368 4180 432 4235 Jac.
450 4175 537 4249 praef.
555 4194 582 4247 p.
600 4175 668 4233 VII.
685 4176 769 4233 VIII.
