2880 5182
687 357 899 418 „15-

235 540 353 600 manico
394 540 524 600 Caesare
564 541 657 600 fuisse
698 546 729 600 et
769 541 869 617 ipsum
901 541 1144 600 Astronomicon
1179 548 1344 603 auctorem.

237 643 356 718 Quotus
382 645 461 704 enim
488 644 616 719 quisque
644 643 704 702 fuit
722 643 877 703 hominurn
897 645 1099 718 literatorum,
1126 645 1200 719 quin
1220 665 1292 705 mox
1312 648 1344 705 in

234 747 383 824 principis
414 748 548 807 favorem
579 750 717 824 speraret
743 765 774 805 se
799 752 969 822 venturum,
1002 745 1028 804 si
1054 748 1134 807 inter
1153 725 1240 807 'caeli
1268 750 1345 808 side·

233 869 359 927 rumque
380 851 563 926 interpretes
584 850 724 926 inprimis
744 856 852 927 poetas
873 849 1070 909 versaretur?

311 954 452 1029 Denique
472 972 490 1012 a
511 953 595 1012 nullo
617 953 756 1030 principe
778 954 838 1012 nisi
859 955 896 1013 ab
911 954 1046 1029 Augusti
1059 954 1204 1030 privigno
1225 959 1348 1015 constat

235 1057 415 1134 diligentius
436 1075 472 1116 ac
491 1057 678 1133 religiosius,
700 1058 726 1116 si
746 1058 859 1116 bellum
875 1056 1087 1117 Germanicum
1106 1057 1277 1117 hereditate
1298 1077 1345 1117 ac·

235 1164 356 1238 ceptum
380 1161 546 1238 exceperis,
572 1161 657 1238 pacis
684 1165 715 1220 et
740 1161 797 1220 otii
824 1160 1081 1235 tranquillitatem
1099 1177 1164 1220 esse
1186 1166 1288 1220 servat
1307 1179 1344 1220 m.

235 1261 315 1341 (cfr.
336 1281 366 1321 v.
390 1262 447 1338 13.)

314 1366 432 1441 Quibus
464 1366 613 1443 expositis
641 1367 701 1425 iam
728 1383 790 1424 non
817 1385 932 1442 vereor,
960 1385 996 1426 ne
1023 1367 1155 1443 praefari
1182 1367 1345 1426 Manilium
1410 1405 1412 1410 -

236 1471 274 1530 ad
294 1470 467 1546 Angustum
488 1488 578 1546 posse
600 1470 764 1545 existimes
790 1469 838 1528 cui
859 1474 980 1529 mortuo
1002 1470 1091 1545 idern,
1114 1471 1196 1545 quod
1219 1469 1345 1529 Caesari

236 1575 323 1650 olim,
354 1574 469 1633 caelum
500 1574 611 1650 patuit.
650 1571 759 1647 Neque
791 1573 871 1631 enim
902 1580 955 1632 aut
988 1573 1128 1633 Suetonii
1158 1576 1212 1631 aut
1242 1572 1344 1631 Taciti

236 1677 412 1736 testimonia
444 1677 476 1735 in
506 1681 613 1736 nostra
644 1676 765 1750 quidem
797 1694 888 1734 eausa
918 1683 989 1735 sunt
1020 1696 1069 1751 ea,
1101 1695 1177 1752 quae
1207 1674 1344 1751 Augusti

236 1780 450 1839 auctoritatem
483 1785 635 1839 tueantur.
682 1779 837 1839 Paulatim
867 1798 940 1839 vero
973 1782 1121 1856 neglectis
1152 1779 1261 1839 ceteris
1290 1778 1343 1836 ho-

236 1883 366 1942 minibus
400 1882 499 1948 doctis
533 1884 670 1960 coeperis
705 1883 823 1958 aliquid
859 1883 969 1944 habere
999 1884 1069 1942 fidei
1101 1883 1214 1943 Oarolo
1245 1882 1342 1941 Lach-

236 1984 510 2044 mannoTiberium
520 1987 607 2061 quasi
617 1987 758 2045 carminis
768 1991 931 2063 patronum
941 1987 1115 2047 defendenti
1126 1987 1164 2046 ab
1175 1988 1237 2046 alia
1246 1988 1342 2063 parte.

314 2089 363 2147 Ac
388 2106 425 2147 ue
451 2089 510 2148 hoc
538 2089 659 2163 quidem
675 2109 851 2166 agnoscere
877 2091 1034 2150 dubitabis
1061 2091 1099 2149 ad
1124 2090 1218 2149 filium
1238 2088 1343 2166 potius

236 2192 274 2251 ad
289 2198 406 2269 patrem
422 2191 500 2251 elam
514 2199 660 2270 spectare,
676 2211 752 2268 qnae
766 2195 803 2252 de
819 2193 981 2253 Chaldaeis
996 2192 1142 2270 leguntur
1154 2210 1198 2252 vs.
1213 2194 1342 2254 40-42:

441 2313 496 2380 „ut
513 2316 612 2367 natura
631 2312 708 2366 dedit
725 2313 797 2367 vires
815 2331 899 2383 seque
917 2314 980 2385 ipsa
997 2315 1118 2382 reclusit,

440 2399 592 2469 Regulos
611 2399 717 2453 animos
735 2400 852 2469 primum
872 2400 987 2470 dignata
1006 2417 1115 2455 movere

441 2485 575 2540 Proxima
592 2485 733 2555 tangentis
752 2503 840 2539 rerum
858 2487 972 2557 fastigia
991 2487 1097 2542 caelo.“

310 2605 449 2680 Namque
471 2605 515 2664 sic
535 2605 656 2663 videtur
676 2605 736 2664 hoc
756 2605 825 2664 loco
846 2612 940 2682 poeta
961 2607 1107 2666 sensisse:
1127 2623 1215 2682 reges
1236 2605 1340 2681 fuisse,

237 2711 289 2787 qui
303 2711 347 2776 ¹ad
367 2709 633 2786 contemplandum
654 2709 769 2768 caelum
788 2710 1114 2785 pervestigandumque
1129 2709 1219 2786 primi
1234 2710 1340 2770 oeulos

235 2815 326 2874 humo
348 2812 540 2886 attollerent3
565 2829 668 2888 regem
688 2829 752 2871 esse
774 2832 849 2887 eum,
878 2829 937 2887 quo
959 2812 1081 2871 favente
1104 2818 1195 2886 atque
1216 2814 1340 2872 iuvante

235 2918 313 2976 caeli
339 2919 448 2975 natura
474 2919 535 2973 tam
556 2920 662 2990 aperta
682 2920 904 2991 perspectaque
925 2919 1091 2985 constaret,
1117 2920 1151 2974 ut
1173 2916 1237 2974 eius
1258 2917 1340 2975 vires

236 3020 369 3079 numeris
390 3019 523 3077 inclusas
545 3017 583 3075 ad
603 3023 698 3076 artem
719 3024 751 3076 et
770 3023 935 3094 praecepta
955 3036 1097 3077 revocare
1118 3018 1164 3076 sas
1178 3025 1267 3080 esset.
1303 3019 1340 3077 In

236 3123 321 3182 nullo
342 3122 481 3200 proiecto
502 3120 684 3197 principum,
707 3121 758 3195 qui
779 3139 874 3196 usque
894 3121 933 3180 ad
948 3121 1141 3180 Hadrianum
1161 3122 1340 3198 floruerunt,

236 3226 372 3301 quamvis
399 3224 552 3283 Velleium
578 3220 757 3282 Suetonium
784 3224 921 3283 Tacitum
948 3225 1026 3283 alios
1052 3225 1196 3300 volveris,
1222 3229 1341 3285 tantum

235 3346 336 3387 rerum
360 3328 615 3404 astrologicarum
640 3328 775 3403 reperies
802 3346 943 3404 amorem,
971 3334 1118 3403 quantum
1143 3327 1264 3403 quidem
1289 3327 1339 3386 Ti·

235 3430 314 3489 berii
348 3429 441 3489 fuisse
475 3430 653 3506 accepimus.
699 3431 748 3489 ita
781 3432 820 3490 nd
853 3432 923 3490 illas
958 3448 1006 3490 res
1036 3430 1186 3490 canendas
1217 3431 1341 3506 ingenia

235 3534 368 3592 incitans
388 3534 439 3592 hic
459 3533 524 3610 ipse
545 3534 641 3591 factus
664 3539 711 3592 est
725 3534 808 3592 caelo
823 3535 981 3611 maximus,
1004 3551 1092 3608 quem
1105 3549 1171 3592 esse
1185 3535 1340 3610 posterius

235 3655 263 3694 v.
285 3639 340 3697 386
362 3637 498 3711 obscure,
519 3640 553 3696 ut
574 3615 694 3713 opinor,
716 3637 915 3713 significatur.

314 3739 391 3814 Quis
411 3739 541 3813 denique
562 3740 641 3798 inter
661 3739 826 3816 principes,
852 3741 912 3799 uisi
935 3740 1138 3801 Octavianum
1156 3738 1339 3815 respexeris,

235 3844 371 3903 sanctius
401 3843 609 3902 Fortunam
644 3843 730 3901 deam
766 3844 968 3902 venerandam
1003 3844 1063 3902 sibi
1094 3843 1126 3901 in
1156 3859 1251 3918 regno
1283 3841 1340 3900 fati

235 3952 343 4024 putare
364 3947 467 4025 potuit
489 3964 577 4022 quam
597 3946 633 4021 is,
653 3965 672 4004 a
693 3964 752 4022 quo
774 3945 878 4004 aedem
897 3946 1002 4005 Fortis
1016 3947 1173 4007 Fortunae
1194 3945 1226 4003 in
1239 3944 1339 4003 hortis

237 4049 377 4110 Caesaris
404 4070 431 4110 a.
456 4049 496 4109 U.
522 4066 548 4107 c.
579 4051 635 4108 770
665 4052 849 4108 exstructam
879 4066 944 4108 esse
971 4049 1096 4109 Tacitus
1127 4049 1179 4126 (A.
1205 4048 1248 4123 II,
1278 4045 1337 4122 41.)

235 4154 396 4214 memoriae
423 4151 547 4231 prodit?
586 4150 623 4210 In
654 4153 746 4212 talem
766 4151 884 4212 Tiberii
909 4153 1086 4230 opinionem
1111 4151 1189 4211 nihil
1211 4150 1341 4227 quadrat
