2880 5182
662 377 873 437 ..68-

214 559 325 621 Nonne
356 562 432 639 ipsis
462 561 563 620 verbis
596 559 767 620 Germanioi
797 560 914 621 Aratea
944 560 1184 620 Astronom'icon
1211 567 1319 620 auctor
1343 543 1345 547 ¹

212 667 337 741 tangere
362 663 502 724 videtur?
542 663 662 722 Deinde
687 664 807 740 addere,
831 665 893 724 tale
920 681 997 740 opus
1022 665 1156 723 nondum
1177 665 1319 723 omnibus

213 767 276 826 suis
303 767 432 828 numeris
458 785 493 825 ac
519 768 658 844 partibus
679 769 738 827 arti
759 769 972 844 astrologicae,
999 785 1074 842 quae
1097 769 1217 843 quidem
1237 787 1319 827 nnnc

213 873 262 947 sit,
284 872 458 931 satisfacere
479 889 573 946 eaque
593 872 631 931 de
652 891 743 931 causa
763 891 844 930 novo
866 872 996 931 carmine
1013 872 1217 931 adiuuandum
1230 871 1317 943 esse?

210 975 263 1033 An
291 977 449 1051 quisquam
469 976 561 1052 paulo
583 981 653 1034 aute
674 975 837 1034 Manilium
857 975 995 1052 principe
1016 975 1142 1034 Tiberio
1164 976 1196 1033 in
1216 975 1318 1052 publi-

210 1058 276 1139 cum
295 1080 422 1158 prodiit,
444 1097 530 1155 quem
550 1080 652 1138 varios
674 1079 829 1138 stellarum
850 1097 954 1137 cursus
976 1097 1100 1138 noscere
1120 1079 1189 1154 plus
1204 1079 1319 1137 iuverit

211 1201 299 1258 quarn
321 1181 549 1244 Germanicum?
592 1182 667 1242 eum
692 1183 811 1260 priores
832 1189 952 1260 poetae,
980 1182 1089 1256 quibus
1109 1183 1199 1242 Arati
1221 1200 1317 1258 opera

208 1288 379 1365 placebant,
410 1288 448 1347 ad
475 1286 623 1346 Graecum
653 1288 776 1347 verbum
802 1286 914 1344 Latine
945 1285 1104 1344 reddentes
1132 1304 1234 1345 eorum
1259 1303 1317 1343 nec

207 1391 285 1449 vitia
309 1392 347 1450 ad
374 1392 553 1451 excultioris
579 1390 654 1449 artis
679 1396 844 1466 praecepta
869 1390 1079 1448 emendassent
1104 1408 1159 1448 uec
1183 1391 1315 1449 virtutes

144 1534 150 1545 .
207 1494 373 1572 auxissent,
395 1494 592 1555 Germanicus
614 1492 757 1570 quidemi)
779 1494 896 1552 fabulas
918 1492 1081 1551 nonnullas
1101 1493 1198 1552 Arato
1219 1493 1314 1570 plane

207 1598 338 1657 intactas
358 1599 488 1675 addidit,
510 1617 586 1674 quae
607 1597 688 1672 apud
709 1598 789 1656 hunc
809 1617 871 1657 non
892 1605 972 1656 recte
989 1597 1142 1673 disposita
1155 1597 1314 1656 intellexe-

205 1708 254 1761 rat
279 1703 311 1760 in
336 1703 489 1762 meliorem
515 1702 652 1761 ordinem
677 1702 803 1779 redegit,
828 1703 918 1779 plura
944 1718 1020 1775 quae
1046 1700 1123 1758 salsa
1148 1699 1186 1758 ab
1211 1698 1312 1758 Arato

204 1807 330 1882 prodita
354 1824 419 1865 esse
446 1824 483 1865 ex
508 1805 690 1883 posterioris
712 1806 820 1865 aetatis
841 1805 1069 1880 astrologorum
1090 1803 1177 1862 libris
1199 1821 1313 1878 cogno·

204 1913 299 1984 uerat,
325 1910 467 1969 correxit.
507 1908 600 1967 Hunc
625 1908 720 1984 igitur
746 1909 842 1969 solum
863 1909 996 1984 Manilii,
1021 1927 1087 1967 eum
1108 1906 1233 1966 carmini
1255 1924 1311 1965 suo

203 2014 391 2088 prooemium
416 2013 634 2090 praemitteret,
658 2013 759 2072 animo
787 2015 980 2074 obversatam
1000 2031 1064 2071 esse
1086 2011 1207 2086 opinor,
1230 2011 1313 2068 huno

204 2118 301 2176 solum
321 2117 408 2175 eordi
424 2116 518 2174 fuisse
533 2116 570 2192 ei,
593 2115 644 2189 qui
660 2116 691 2173 in
705 2098 931 2176 Astronomi'eis
954 2117 990 2193 (Ι,
1013 2115 1079 2192 117)
1102 2132 1312 2192 „magnacum

201 2219 305 2295 parvis
333 2219 425 2279 simili
448 2236 624 2295 percurrere
652 2220 743 2277 eura“
771 2218 916 2297 studeret,
945 2238 1041 2295 neque
1067 2223 1166 2279 tamen
1193 2219 1310 2277 cunctis

202 2323 266 2381 eius
293 2323 408 2400 optatis
434 2320 636 2399 respondisse.
676 2319 785 2396 Neque
810 2324 890 2383 enim
915 2324 1045 2401 amplius
1071 2323 1225 2398 requirere
1246 2339 1310 2380 non

201 2431 340 2502 potuere,
361 2427 532 2502 quicunque
553 2429 628 2482 nutu
650 2430 680 2484 et
698 2427 828 2486 arbitrio
844 2428 962 2488 Tiberii
976 2427 1140 2503 gubernari
1154 2427 1309 2497 volebant,

201 2532 380 2605 praesertim
406 2549 472 2590 eum
497 2529 546 2587 hie
570 2528 712 2618 princeps
734 2536 765 2589 et
785 2531 851 2609 ipse
871 2549 933 2589 non
954 2536 1089 2589 veterum
1109 2530 1234 2596 deorum
1254 2547 1310 2585 nu-

202 2632 280 2690 mine
312 2635 363 2693 sed
393 2634 457 2693 fato
488 2632 638 2692 sideribus
670 2634 708 2692 ab
734 2633 797 2695 illis
823 2635 917 2694 insito
945 2635 1046 2694 omnia
1070 2635 1136 2711 regi
1164 2633 1309 2692 crederet.

203 2733 273 2794 Hoc
303 2737 397 2797 fatum
427 2756 446 2796 a
474 2736 576 2814 poetis
606 2736 740 2795 earmina
769 2738 806 2797 de
837 2757 868 2797 se
899 2756 965 2797 cum
991 2755 1116 2814 poscere
1143 2737 1309 2811 videretur,

203 2838 289 2898 iuxta
310 2838 522 2900 Germanicum
541 2838 689 2900 Manilius
711 2840 860 2918 constitit,
883 2859 969 2917 quem
991 2842 1027 2919 (I,
1050 2840 1113 2918 16):

748 2993 765 3020 „
784 2993 790 3006 .
809 2993 816 3007 .
834 2992 841 3007 .
860 2953 1010 3023 impensius
1027 2954 1089 3024 ipsa

372 3038 449 3094 Scire
467 3039 543 3094 iuvat
560 3039 652 3109 magni
669 3039 780 3109 ponitus
796 3041 961 3108 praecordia
979 3040 1072 3094 mundi

372 3124 504 3195 Quaeque
521 3129 602 3196 rogat
620 3128 786 3195 generetque
805 3125 860 3179 suis
879 3125 1009 3179 animalia
1028 3125 1113 3194 signis

373 3209 536 3266 demersat
554 3213 582 3266 in
600 3228 740 3266 numerum
757 3210 872 3266 Phoebo
891 3211 1048 3267 modulante
1068 3211 1191 3265 referre.“

199 3324 246 3382 Ac
267 3323 514 3399 quemadmodum
534 3323 587 3383 ille
608 3324 735 3400 (Phaon.
760 3324 810 3402 16)
832 3323 958 3383 Tiberio
980 3324 1148 3400 supplicat:

375 3433 452 3502 „Pax
469 3438 518 3489 tua
535 3437 618 3505 tuque
638 3436 714 3490 adsis
732 3439 799 3491 nato
818 3452 973 3506 numenque
992 3435 1157 3492 secundos!“

134 3526 137 3531 Ι
199 3548 243 3607 ita
262 3547 312 3608 hic
332 3549 415 3623 deae,
437 3564 497 3622 qua
516 3548 602 3606 nulla
621 3548 755 3624 Augusti
775 3549 879 3608 heredi
899 3548 1058 3624 potentior
1077 3547 1145 3608 visa
1163 3553 1222 3609 est:

482 3659 605 3728 „Faveat
622 3676 731 3729 magno,
749 3659 880 3726 Fortuna,
897 3658 1012 3714 labori“.

274 3772 344 3832 Tali
370 3773 517 3850 intellego
542 3772 664 3832 vinculo
691 3771 901 3832 Germanicum
926 3776 956 3830 et
976 3770 1138 3829 Manilium
1163 3771 1244 3830 inter
1269 3788 1301 3831 se

196 3876 353 3936 devinctos
383 3877 485 3953 fuisse,
517 3876 609 3951 quod,
637 3879 725 3935 tanta
755 3876 787 3934 in
812 3875 976 3952 prooemiis
1003 3880 1034 3934 et
1058 3877 1243 3935 Arateorum
1270 3883 1301 3934 et

195 3980 436 4040 Astronomicon
458 3978 656 4039 similitudine
678 3983 709 4038 et
728 3979 960 4056 propinquitate
977 3979 1075 4039 faeere
1090 3997 1150 4039 uon
1167 3996 1300 4056 possum,

192 4109 396 4124 *-

261 4195 283 4265 8)
302 4196 357 4254 un.
374 4198 403 4253 J.
421 4195 505 4266 Frey,
520 4195 554 4251 de
573 4195 666 4252 Germ.
684 4196 734 4252 Ar.
752 4197 864 4265 interpr.
883 4213 910 4265 p.
929 4194 1037 4252 XXIV.
