2880 5182
607 328 818 389 ..gg-

524 512 618 579 „Pax
636 514 688 566 est
706 509 847 566 sublata
865 527 916 581 per
932 512 1026 566 orbem

335 597 373 651 Et
390 597 454 652 fidei
471 615 562 653 rarum
581 598 677 652 foedus
695 598 844 668 paucisque
863 598 1016 653 tributum.
1036 639 1042 652 .
1061 639 1067 653 .

336 683 431 754 Atque
449 683 587 738 hominum
606 688 701 753 gentes
719 684 829 739 inimica
847 687 920 738 sorte
939 683 1086 738 feruntur“.

167 816 248 878 Rata
269 821 348 880 enim
355 820 386 891 15)
408 823 482 882 hace
501 822 596 881 fecere
610 822 819 883 Maroboduus
839 825 870 881 ct
885 819 1034 882 Catualda
1048 822 1080 880 in
1096 820 1267 895 Germania,

166 921 373 1002 Rhescuporis
397 927 428 985 in
450 928 589 1002 Thracia,
615 926 761 986 Vonones
782 927 863 1003 apud
882 926 1015 985 Parthos
1037 924 1213 984 Tacfarinas
1234 923 1267 980 in

165 1027 283 1104 Africa,
305 1037 336 1089 ct
356 1031 381 1090 si
404 1031 456 1106 qui
476 1031 530 1090 alii
552 1037 614 1091 tum
635 1031 710 1090 male
732 1029 791 1089 sibi
805 1030 891 1089 fidem
905 1029 1084 1106 promissam
1100 1045 1266 1088 servavere.

243 1133 328 1206 Quae
348 1152 414 1193 eum
434 1135 478 1193 ite
499 1134 570 1210 sint,
592 1134 666 1194 satis
688 1139 801 1193 certum
815 1135 937 1194 videtur
949 1132 1112 1192 Manilium
1126 1132 1215 1192 etiam
1230 1131 1268 1190 dc

165 1242 261 1296 morte
276 1235 448 1298 Germanici
469 1256 496 1297 a.
510 1239 549 1298 U.
571 1241 636 1313 773,
657 1237 804 1313 quidquid
825 1245 888 1298 tum
909 1237 964 1297 sub
986 1236 1083 1296 oculis
1104 1235 1267 1312 suspiciosi

164 1341 312 1418 principis
332 1347 464 1418 poterat,
483 1341 707 1401 Astronomicis
729 1341 901 1400 inseruisse.

241 1443 303 1504 Sed
327 1444 400 1504 haec
421 1445 541 1521 quidem
560 1445 705 1504 hacteuus
725 1444 763 1504 de
785 1442 958 1504 Germanici
979 1448 1010 1504 et
1029 1441 1152 1503 Manilii
1174 1441 1268 1501 socic-

164 1551 237 1624 tate,
258 1565 346 1625 quam
360 1548 452 1608 fnisse
466 1549 536 1608 dum
550 1549 754 1626 probavimus,
775 1548 864 1607 uobis
879 1549 1020 1624 contigit,
1038 1550 1080 1623 ut,
1097 1564 1172 1622 quae
1187 1547 1269 1604 esset

163 1651 401 1712 Astrouomicon
421 1656 514 1728 aetas,
534 1652 703 1711 accuratius
728 1669 816 1727 quam
836 1655 906 1712 ante
927 1666 1185 1728 cognosceremus.

241 1754 360 1829 Restat,
379 1761 413 1814 ut
433 1757 472 1815 ob
494 1774 558 1816 eam
572 1755 669 1832 ipsam
683 1755 944 1830 necessitudinem,
966 1771 1042 1829 quae
1054 1753 1185 1813 Manilio
1201 1771 1268 1813 eum

166 1855 344 1919 Germanico
366 1859 574 1919 intercessisse
595 1859 726 1936 videtur,
746 1877 836 1936 aegre
856 1877 902 1918 me
916 1858 994 1917 ferre
1009 1858 1163 1934 confitear,
1185 1857 1267 1933 quod

165 1980 256 2038 supra
276 1962 441 2023 identidem
461 1968 559 2023 totum
579 1981 698 2023 carmen
719 1963 825 2022 abillo
841 1962 880 2021 ad
895 1961 1051 2021 Tiberium
1064 1962 1187 2020 missum
1202 1977 1268 2020 esse

164 2062 238 2139 dixi,
252 2072 342 2140 atque
354 2066 483 2142 primum
493 2070 610 2127 tautum
621 2067 685 2126 cius
698 2067 798 2144 operis
811 2067 921 2125 librum
933 2066 1038 2126 eodem
1048 2065 1110 2125 fere
1121 2070 1268 2142 tempore,

166 2185 224 2243 quo
250 2168 320 2228 huie
345 2171 479 2248 principi
504 2171 583 2230 filius
610 2170 736 2230 innoxio
763 2187 817 2229 nee
838 2169 1007 2247 suspicioso
1030 2169 1130 2228 animo
1151 2168 1269 2226 Aratea

165 2270 326 2348 dedicavit,
352 2274 448 2333 eidem
468 2274 652 2333 destinatum
672 2291 737 2333 esse
758 2279 897 2333 statuam.
936 2271 1016 2331 Nam
1037 2272 1172 2348 quisquis
1194 2269 1268 2331 Ger·

165 2375 275 2433 manici
295 2394 396 2436 amore
417 2377 567 2453 flagravit,
586 2376 700 2437 Pisone
720 2377 791 2436 huic
812 2376 882 2435 duci
902 2376 971 2436 leco
993 2376 1128 2436 custodis
1146 2375 1185 2434 od
1199 2391 1268 2451 spes

165 2479 345 2539 coercendas
370 2481 515 2540 adiuncto
541 2481 600 2540 iam
627 2481 752 2541 Tiberio
779 2481 899 2540 studere
925 2498 987 2540 non
1012 2481 1123 2556 potuit.
1167 2476 1267 2553 Quid?

167 2583 248 2655 qued
262 2583 408 2644 Manilius
429 2585 494 2661 ipse
515 2583 586 2643 huie
606 2583 718 2644 iudicio
739 2603 801 2643 uon
818 2589 980 2660 repugnat.
1010 2584 1074 2643 Iam
1088 2584 1119 2642 in
1135 2582 1267 2643 secundo

164 2684 442 2758 Astronomicou¹⁶l
469 2688 637 2766 principem
661 2689 704 2746 ita
725 2689 832 2765 carpit,
858 2693 891 2746 ut
911 2688 948 2747 de
970 2686 1091 2764 Scorpii
1113 2687 1268 2749 effectibus

164 2787 238 2849 haec
258 2790 289 2849 in
311 2792 441 2853 medium
461 2791 598 2869 proferat
620 2791 676 2868 (Il,
697 2790 877 2867 633-636);

318 2919 465 2991 „Scorpius
484 2924 513 2974 et
532 2919 638 2975 Cancer
656 2919 778 2974 fraterna
796 2920 824 2974 in
841 2921 953 2975 nomina
971 2920 1074 2977 ducunt

318 3007 362 3060 llx
380 3009 468 3060 semet
486 3008 607 3076 genitam
627 3023 679 3061 nec
696 3023 751 3062 non
770 3010 799 3060 et
816 3006 945 3062 Piscibus
964 3008 1017 3062 orti

319 3091 495 3147 Geneardaut
512 3092 572 3148 illis.
609 3092 700 3163 Saepe
719 3096 762 3148 est
780 3095 808 3146 et
827 3092 993 3148 subdolus
1012 3098 1104 3150 aetus:

319 3178 451 3248 Scorpius
470 3178 592 3250 aspergit
609 3195 700 3234 noxas
718 3179 769 3234 sub
787 3178 895 3234 nomine
915 3179 1021 3247 amiei“‚

167 3307 274 3367 deinde
299 3307 448 3369 intortio
476 3309 602 3370 eundem
627 3309 718 3385 plane
744 3307 888 3385 neglegit,
914 3327 981 3368 eum
1005 3309 1128 3367 absente
1152 3306 1269 3366 Romae

166 3411 304 3489 principe
334 3411 373 3471 ad
404 3430 506 3472 omnes
532 3412 718 3489 astrologiae
745 3412 900 3472 studioses
926 3412 1129 3490 cogitationes
1154 3410 1269 3486 dirigat

165 3515 212 3575 his
233 3516 369 3578 versibus
391 3516 453 3591 III,
473 3519 519 3578 36.
541 3519 591 3577 37;

168 3678 372 3691 -ιι-ι

235 3799 266 3871 ¹⁵)
287 3801 355 3855 Tac.
372 3800 447 3855 Anu.
464 3799 502 3866 Π,
521 3800 566 3866 63;
585 3797 637 3866 ΠΙ,
655 3801 696 3854 20.
732 3797 764 3865 ¹⁶)
781 3798 922 3854 Interdum
941 3799 1024 3855 etiam
1042 3799 1167 3870 suspicor
1184 3815 1268 3869 quae·

167 3901 272 3957 cunque
289 3888 317 3941 in
334 3888 387 3942 hoc
404 3887 472 3941 libre
491 3885 602 3941 Tiberio
621 3885 649 3939 in
668 3884 769 3939 malam
788 3890 894 3956 partem
913 3884 1076 3956 accipienda
1092 3885 1176 3952 fuere,
1198 3902 1232 3940 ea
1251 3901 1268 3939 a

166 3973 279 4029 Manilio
302 3976 367 4043 pest
389 3977 504 4027 mortem
524 3971 681 4026 Germanici
704 3972 868 4041 interposita
888 3988 958 4027 esse.
981 4001 1015 4011 -
1039 3970 1120 4026 (leste
1138 3971 1182 4026 hic
1200 3971 1269 4026 liber

166 4076 234 4129 prae
253 4060 353 4117 ceteris
371 4059 469 4129 dignus
487 4059 553 4115 mihi
570 4057 684 4127 ridetur,
702 4058 748 4128 qui
765 4075 846 4128 quem
864 4057 900 4113 ad
918 4058 1028 4115 modum
1042 4057 1210 4128 compositus
1223 4057 1267 4124 sit,

168 4160 292 4204 seorsum
312 4149 470 4218 quaeratur.
