2880 5182
232 1740 329 1850 Ante
351 1806 440 1865 quam
460 1805 530 1847 vere
551 1785 697 1864 criticam,
719 1802 795 1862 quae
815 1782 903 1844 vaide
918 1782 1039 1860 quidem
1052 1784 1252 1867 desideratur,

147 1895 303 1954 literarum
318 1891 501 1952 Graecarum
516 1897 546 1949 ct
559 1890 767 1950 Romanarum
779 1889 941 1949 historiam
957 1890 1110 1968 instituas,
1131 1893 1253 1953 videtur

147 1999 206 2056 hoc
227 1997 367 2074 inprimis
388 1994 587 2068 efficiendum,
607 1996 643 2052 ut
663 2011 750 2069 quem
771 1993 899 2068 quisque
920 1994 1055 2053 veterum
1071 1996 1255 2073 scriptorum

147 2102 179 2158 in
200 2101 307 2160 ordine
327 2105 499 2176 temporum
520 2098 618 2156 iocum
638 2097 784 2172 obtinuit,
805 2097 832 2154 is
853 2113 942 2171 quam
962 2093 1188 2159 accuratissime
1203 2100 1254 2159 de·

145 2205 278 2263 finiatur.
322 2202 413 2277 Quod
433 2204 469 2261 ut
487 2202 550 2276 fiat,
577 2218 698 2259 necesse
723 2217 794 2258 saue
816 2205 862 2259 est
883 2199 944 2258 viri
963 2199 1047 2260 docti
1068 2201 1254 2279 singulare

146 2307 245 2366 ferant
271 2307 394 2367 illorum
421 2323 515 2382 opera
541 2303 580 2363 ad
605 2309 705 2363 certos
736 2320 884 2362 annorum
910 2321 1061 2363 numeros.
1106 2305 1254 2366 Videmus

147 2416 248 2469 autem
268 2429 333 2470 eam
353 2428 416 2469 rem
437 2408 579 2482 quoniam
599 2411 709 2465 natura
728 2405 909 2465 difficillima
929 2409 977 2465 est
990 2425 1025 2466 ac
1038 2409 1208 2471 mirabilem
1221 2412 1254 2470 in

147 2513 268 2573 modum
289 2531 378 2590 saepe
399 2516 551 2587 contorta,
573 2529 610 2570 ue
631 2528 711 2569 nuuc
732 2509 853 2584 quidem
867 2511 1006 2571 omnibus
1020 2512 1161 2588 partibus
1176 2514 1253 2574 adeo

146 2618 327 2693 absolutam,
354 2622 388 2675 ut
416 2615 453 2674 de
474 2614 627 2673 nullorum
648 2614 707 2672 iam
727 2613 876 2673 librorum
896 2619 996 2674 aetate
1018 2614 1132 2692 ambigi
1152 2617 1253 2679 liccat.

145 2719 258 2779 Adhuc
279 2718 526 2796 enim,'quamvis
547 2717 617 2776 inde
638 2722 778 2776 arenata
793 2717 988 2792 antiquitatis
1005 2718 1106 2777 studio
1123 2726 1256 2794 quatuor

107 2825 110 2830 '
146 2822 209 2883 fere
231 2823 419 2883 saeculorum
438 2824 527 2882 labor
547 2825 745 2897 consumptus
767 2820 817 2896 sit,
843 2826 945 2881 tamen
966 2829 1132 2898 supersunt
1157 2825 1255 2901 multi,

148 2926 199 2998 qui
226 2927 347 3000 quando
373 2927 503 3003 primum
529 2923 562 2982 in
587 2924 684 2982 lucem
710 2923 892 3000 prodierint,
918 2924 1000 2984 inter
1024 2943 1127 2986 omnes
1148 2944 1255 3003 parum

147 3031 278 3087 constat.
320 3027 354 3088 Si
382 3030 450 3104 quis
476 3028 572 3104 igitur
597 3027 637 3086 ad
661 3025 861 3085 inveniendos
888 3046 992 3088 eorum
1017 3047 1115 3089 annos
1135 3031 1255 3106 aliquid

149 3130 258 3189 auxilii
279 3131 392 3208 afferet,
415 3149 484 3209 spes
506 3136 553 3191 est
572 3131 647 3205 fore,
673 3135 708 3188 ut
732 3147 795 3188 nou
821 3131 920 3191 solum
940 3131 1006 3191 otio
1028 3132 1088 3191 sibi
1108 3124 1253 3193 concesso

145 3235 222 3293 bene
248 3239 354 3295 utatur
379 3254 484 3296 verum
510 3235 602 3294 etiam
622 3253 640 3293 a
661 3231 831 3293 studiorum
852 3234 1009 3295 sodalibus
1030 3237 1156 3298 comiter
1175 3237 1253 3297 acei-

143 3338 257 3414 piatur.

221 3441 290 3500 Hac
309 3441 555 3501 consideratione
576 3442 724 3501 adductus
745 3440 883 3500 libellum
903 3441 1052 3502 audebam
1068 3461 1252 3521 componere

143 3545 180 3603 de
201 3550 304 3622 pocta,
326 3564 414 3620 quem
433 3548 546 3604 vocant
560 3544 771 3604 Manilium.
803 3542 956 3618 Quoniam
976 3545 1056 3604 enim
1076 3564 1143 3606 cnm
1163 3545 1253 3605 multi

145 3648 311 3725 scriptores
338 3648 473 3726 (memini
493 3653 594 3708 autem
613 3648 728 3708 Velleii
749 3652 780 3706 et
801 3645 916 3720 Curtii)
943 3652 1007 3706 tum
1032 3649 1090 3709 iste
1110 3649 1254 3723 Latinus,

145 3752 230 3810 cuius
256 3752 377 3811 nomine
396 3751 637 3811 Astronomicon
663 3752 761 3810 libros
782 3749 813 3808 V
841 3750 979 3810 homines
1000 3750 1085 3810 docti
1106 3770 1121 3812 e
1141 3752 1254 3812 biblio·

145 3854 240 3913 thecis
261 3856 349 3915 cdere
371 3860 603 3930 consueverunt,
630 3855 759 3914 saeculis
779 3857 999 3931 postmortem
1020 3854 1159 3915 omuibus
1179 3873 1254 3932 pau·

146 3973 248 4016 corum
268 3959 336 4038 fuit,
359 3975 436 4034 quae
457 3964 505 4019 est
517 3959 555 4019 de
576 3957 641 4018 eius
662 3961 762 4018 aetate
784 3957 934 4033 quaestio,
954 3958 1033 4017 hanc
1053 3958 1188 4017 noudum
1202 3957 1253 4017 de·

144 4059 248 4117 bemus
268 4061 307 4118 ad
328 4079 394 4120 enm
413 4063 503 4122 finem
522 4063 700 4140 perductam
720 4064 839 4137 putare,
865 4063 901 4120 ut
929 4060 1073 4136 quiddam
1097 4062 1172 4122 certi
1198 4080 1253 4120 uec

144 4162 279 4239 ambigui
299 4163 332 4222 in
352 4165 482 4225 medium
506 4166 690 4242 proferatur.
730 4164 757 4223 Ε
784 4163 940 4223 contrario
968 4164 1173 4240 reperiuntur,
1200 4164 1252 4240 qui

143 4284 241 4341 paene
262 4267 426 4342 desperent
445 4268 611 4343 aliquando
632 4269 685 4344 ita,
710 4271 746 4326 ut
772 4270 820 4327 est
842 4267 874 4325 in
894 4268 978 4328 votis
998 4267 1252 4343 investigatornm

102 4345 108 4364 “
143 4371 348 4447 antiquitatis,
374 4371 638 4448 interrogantibus
662 4388 754 4447 posse
781 4370 970 4447 responderi.
995 4403 1033 4413 -
1058 4367 1120 4429 Sed
1141 4388 1251 4447 operae

144 4489 215 4532 sane
241 4472 374 4549 pretium
399 4480 446 4533 est
472 4476 522 4534 vel
547 4474 675 4535 maxime
696 4474 822 4534 arduam
840 4491 904 4533 rem
924 4472 1091 4532 identidem
1110 4478 1251 4551 tractare,

143 4575 233 4635 modo
254 4583 342 4637 vetus
363 4578 520 4655 quaedam,
546 4595 622 4653 quae
642 4578 680 4639 de
701 4595 738 4641 ea
756 4578 897 4654 habetur,
921 4576 1075 4637 sententia
1095 4577 1183 4636 novis
1204 4592 1250 4634 ar·

1061 4687 1076 4742 1
