2880 5182
655 348 864 407 ..84-

210 538 351 596 11111111
372 537 459 595 libris
480 538 512 594 et
532 536 640 609 quarto
662 532 830 607 quintaque
843 530 1034 607 'perscriptas
1049 533 1080 589 et
1094 530 1225 589 seeundo
1240 529 1313 589 inde

209 660 227 700 a
252 660 341 701 versu
365 644 421 701 466
447 637 600 714 usquead
622 638 677 695 642
696 635 873 710 perstrictae
895 633 1054 693 ostendere
1074 638 1220 711 poteram.
1261 634 1313 691 In-

208 746 314 822 primis
335 762 472 803 cerueres
494 743 550 802 On.
567 741 719 814 Pisonem,
743 754 829 812 quem
841 737 976 796 Piscium
997 738 1094 796 tutela
1113 754 1199 796 usum
1219 737 1314 796 fuisse

209 868 225 906 1
252 847 379 922 quadam
405 848 559 906 nominum
586 842 784 903 similitudine
808 841 908 900 animo
930 841 1079 915 fingerem.
1122 840 1212 915 Quod
1233 840 1314 899 euim

209 952 245 1011 de
266 953 413 1028 partubus
434 952 523 1010 huius
544 949 652 1008 sideris
672 946 843 1004 affiniumre
863 948 956 1021 poeta
976 946 1087 1004 edidit:

253 1071 290 1139 ΙΙ,
308 1073 372 1127 6371
399 1072 441 1125 At
458 1070 556 1140 quibus
574 1069 602 1122 in
619 1067 707 1122 lucem
726 1067 824 1120 Pisces
842 1066 1012 1120 venientibus
1032 1065 1140 1133 adsunt,

396 1157 449 1210 His
468 1173 522 1210 non
540 1171 595 1208 una
613 1157 708 1208 111116
727 1170 836 1222 semper
854 1152 991 1207 sententia
1010 1151 1091 1219 eardi,

397 1243 575 1298 Commutant
593 1241 707 1305 animos,
726 1239 860 1293 interdum
880 1242 914 1293 16
931 1239 1076 1293 foedera
1094 1240 1254 1308 rumpunt

399 1330 445 1383 Ae
462 1331 598 1398 repetunt,
616 1331 762 1395 tectaeque
779 1326 838 1379 lues
857 1326 907 1380 sub
926 1325 1014 1378 fronte
1032 1328 1175 1393 vagantur.

248 1414 286 1480 V,
305 1416 368 1473 6471
396 1414 557 1484 Engonasin
574 1442 607 1454 —
626 1414 725 1467 dextra
742 1429 792 1483 per
809 1415 948 1465 extremos
968 1409 1069 1464 attollit
1086 1409 1190 1463 lumina
1201 1408 1312 1465 Pisces:

395 1501 469 1554 Hine
486 1500 551 1569 fuga
569 1503 745 1554 nascentum:
764 1498 861 1552 dolus
880 1497 1099 1565 insidiaeque
1119 1499 1282 1550 creantur

396 1585 602 1654 Grassatorque
620 1584 696 1638 venit
714 1584 833 1637 mediam
852 1584 1013 1637 metuendus
1032 1583 1058 1636 in
1077 1584 1180 1650 urbam,

394 1671 428 1725 In
446 1674 597 1741 praerupta
614 1670 692 1723 dabit
710 1670 839 1737 studium,
857 1669 1010 1738 vendetque
1028 1669 1130 1739 pericle

393 1755 534 1825 Ingenium
554 1796 561 1810 .
579 1797 585 1810 .
603 1757 628 1809 .“

205 1879 279 1936 haee
307 1878 407 1935 emnia
435 1877 580 1936 mehercle
608 1878 738 1952 perbene
760 1882 931 1951 congruunt
951 1895 1017 1935 cum
1038 1877 1077 1935 iis
1097 1879 1209 1955 verbis,
1235 1895 1313 1954 quae

206 1981 237 2038 in
257 1981 351 2039 vitam
371 1980 562 2039 infestissimi
583 1979 667 2037 illins
687 1981 998 2056 perniciosissimiqne
1015 1980 1194 2040 Germanica
1216 1982 1312 2040 hemi-

205 2084 252 2141 nis
274 2084 454 2142 narrandam
475 2084 600 2142 Tacitus
621 2084 819 2159 consumpsit,
846 2100 922 2158 quae
944 2090 1046 2142 tamen
1067 2102 1221 2160 apponere
1241 2085 1315 2144 huic

206 2186 326 2261 quidem
350 2187 418 2245 loco
443 2188 568 2262 longum
588 2192 643 2245 est.
682 2187 1161 2264 Ipseeonierqnaesorlnn.1,
1189 2190 1239 2263 75;
1265 2189 1309 2264 Il,

204 2291 251 2348 43.
274 2290 407 2365 51111,
430 2292 473 2349 13.
497 2295 543 2350 14.
565 2295 609 2351 16.
641 2289 749 2364 Neque
770 2291 807 2348 ab
829 2290 883 2348 illa
900 2290 1016 2349 Tiberii
1038 2293 1169 2351 satellite
1191 2293 1313 2352 abesset

205 2391 353 2451 Plancina
384 2411 470 2469 uxor,
502 2411 577 2468 quae
609 2393 758 2470 principis
788 2394 876 2451 matri
905 2395 943 2452 ad
968 2395 1142 2471 privignum
1168 2413 1184 2453 e
1209 2395 1311 2455 medio

206 2495 374 2555 tollendum
401 2515 523 2574 operam
548 2497 669 2555 dicavit.
710 2496 800 2555 Hanc
825 2498 904 2555 enim
930 2504 961 2557 et
981 2499 1078 2575 ipsam
1100 2505 1197 2558 ortam
1217 2500 1312 2559 fnisse

204 2597 345 2657 Piscibus
367 2601 529 2676 coniceres,
552 2600 622 2674 qnia
642 2599 712 2658 inde
733 2601 822 2676 aIV,
843 2604 898 2662 573
920 2602 1083 2678 insigniter
1104 2603 1141 2661 ad
1162 2621 1225 2662 eam
1240 2620 1312 2662 con·

204 2702 332 2761 1111116
351 2702 477 2761 Manilii
497 2704 605 2762 verba:

359 2812 419 2882 „Na
437 2815 503 2869 velit
520 2816 547 2868 in
565 2816 666 2884 primes
686 2815 792 2869 animus
811 2816 961 2886 precedere
979 2815 1088 2872 Pisces:

358 2900 512 2955 Garrulitas
531 2902 627 2956 odiasa
646 2903 727 2955 datur
743 2901 944 2971 linguaeque
962 2920 1128 2958 venenum

358 2986 457 3040 Verba
476 2987 597 3056 maligna
615 3004 701 3042 novas
720 2989 852 3042 mutantis
871 3005 979 3059 semper
997 2991 1031 3044 ad
1050 2992 1132 3060 auris,

360 3071 482 3126 Crimina
500 3090 550 3144 per
567 3075 697 3144 populum
716 3074 811 3144 populi
829 3074 897 3128 ferre
915 3091 963 3129 era
981 3075 1106 3147 bilingui.

357 3156 441 3211 Nulla
459 3157 527 3212 fides
546 3158 626 3212 inerit
644 3160 725 3226 natis,
745 3161 793 3214 sed
813 3177 921 3215 summa
937 3162 1031 3218 libide.

357 3243 511 3298 Ardentem
531 3245 637 3299 medios
656 3247 775 3300 animum
794 3247 862 3301 libet
879 3249 918 3301 ire
937 3265 987 3319 per
1003 3249 1080 3318 ignes

352 3327 414 3383 Nee
432 3330 507 3385 solus
526 3331 607 3385 fuerit
624 3332 749 3401 geminus
768 3335 818 3386 sub
836 3333 962 3389 Piscibus
982 3339 1071 3391 ortus:

352 3414 452 3469 Frater
470 3418 522 3471 erit
540 3417 681 3487 dulcisque
700 3435 779 3473 soror
797 3425 919 3475 materve
938 3423 1077 3477 duorum.“

207 3526 298 3600 Quod
319 3528 363 3586 ita
383 3547 448 3587 esse
470 3548 634 3606 cognosces
657 3548 694 3589 11
714 3532 798 3591 Aun.
819 3534 861 3610 ΙΙ,
882 3537 927 3593 43.
944 3536 990 3594 55.
1006 3537 1055 3609 755
1076 3536 1136 3610 ΙΙΙ,
1156 3540 1311 3616 9.15.17;

198 3630 256 3705 VI,
281 3633 327 3690 26.
354 3665 391 3674 -
418 3632 532 3692 Verum
559 3640 658 3693 tamen
684 3638 792 3712 procul
819 3638 860 3695 sit
884 3656 902 3696 a
929 3657 974 3697 me
998 3641 1109 3698 crimen
1129 3642 1310 3702 temeritatis

200 3734 263 3792 sire
292 3734 466 3796 commentil
492 3739 672 3812 praesertim
698 3739 778 3813 quod
804 3741 875 3799 inde
901 3749 1023 3800 nestrae
1050 3745 1223 3818 quaestioni
1250 3746 1309 3805 iam

200 3855 237 3896 ne
259 3838 381 3897 minima
403 3840 523 3915 quidem
544 3842 663 3900 utilitas
684 3844 793 3902 evenit.

278 3939 378 4000 Sabeo
400 3944 495 4019 igitur
516 3944 667 4020 extemplo
689 3946 826 4005 ultimum
840 3949 1064 4009 sententiarum
1084 3970 1215 4012 mearum
1229 3954 1309 4030 peri·

200 4045 307 4103 111111,
354 4045 388 4104 si
420 4047 556 4123 profacto
585 4048 730 4124 accidere,
758 4068 952 4127 quaeeunque
978 4054 1123 4114 accidisse
1150 4058 1308 4134 preposui,

200 4149 341 4223 carmine,
367 4167 432 4208 cum
459 4149 655 4211 Germanicus
681 4154 879 4229 moriebatur,
904 4157 1038 4216 nandum
1063 4158 1103 4217 ad
1128 4159 1215 4219 finem
1241 4179 1308 4237 per·
