2880 5182
10 39 1008 305 μ

35 294 54 317 '¹
100 296 105 311 Ι
151 290 178 303 ¹!
220 296 223 301 -

577 764 789 824 -59-

128 950 217 1010 Talia
238 966 390 1024 nunquam
412 949 505 1008 scribi
527 949 665 1026 potuisse
687 948 747 1006 nisi
767 947 838 1007 uiro
854 948 997 1024 Augusto
1018 963 1073 1023 per
1091 962 1123 1004 se
1137 945 1237 1022 ipsum

125 1056 226 1130 patet;
254 1071 308 1110 nec
339 1057 439 1111 tumen
470 1052 568 1111 minus
600 1050 688 1109 facile
721 1056 820 1115 tantu.
837 1069 903 1110 cum
930 1050 1148 1110 sententiarum
1173 1052 1237 1108 tum

124 1156 285 1215 verborum
310 1160 458 1213 concentu
484 1154 543 1213 tibi
570 1154 770 1230 persuadebis
792 1172 826 1211 ea
847 1154 926 1211 lecta
947 1152 1097 1229 gliscente
1119 1152 1151 1210 in
1171 1151 1236 1211 dies

122 1258 220 1334 magis
241 1257 332 1316 etiam
355 1256 470 1316 Tiberii
492 1256 669 1315 adulatione
690 1256 722 1313 in
743 1255 824 1314 hune
844 1256 1060 1316 celebrandum
1075 1254 1237 1315 Manilium
1267 1279 1269 1284 ·

123 1360 327 1434 transtulisse,
358 1361 410 1418 ubi
436 1360 566 1433 primum
592 1359 629 1416 iis
655 1359 878 1434 comparaveris
906 1358 970 1433 illa,
1004 1375 1080 1433 quae
1108 1363 1179 1420 sunt
1204 1357 1236 1415 in

123 1464 354 1524 Astronomicir
378 1463 416 1540 (I,
437 1466 522 1537 6-8,
543 1465 608 1536 384,
631 1461 713 1535 rael:

248 1576 299 1642 Tu,
318 1573 430 1640 Caesar,
447 1573 585 1644 patriae
603 1574 839 1644 princepsque
858 1577 1039 1643 paterque,

245 1661 297 1728 Qui
314 1662 386 1732 regis
404 1662 576 1730 Augustis
595 1664 740 1730 parentem
758 1660 898 1728 legibus
917 1660 1010 1714 orbem

246 1748 469 1817 Ooncessumque
488 1747 561 1817 patri
580 1746 709 1800 mundum
728 1747 811 1800 deus
828 1747 905 1816 ipse
924 1746 1045 1802 mereris.

248 1835 351 1890 Cetera
368 1851 422 1887 non
441 1834 555 1900 cedunt;
574 1850 637 1887 uno
655 1833 841 1886 vincuntur
858 1833 890 1886 iu
911 1838 1005 1888 astro

244 1919 418 1991 Augusto,
436 1920 511 1973 sidus
531 1923 626 1973 nostro
645 1917 717 1988 quod
737 1918 852 1987 contigit
870 1919 937 1985 orbi,

249 2005 354 2060 ansar
372 2021 443 2060 nunc
460 2006 550 2072 terris,
568 2009 633 2075 post
651 2004 751 2058 caelo
771 2005 939 2058 maximus
959 2007 1089 2059 auctor.

433 2092 551 2146 Veneris
571 2093 605 2144 ab
625 2091 728 2160 origine
748 2090 840 2160 proles

246 2178 321 2233 dulia
340 2178 483 2233 descendit
503 2178 581 2232 caelo
601 2177 761 2247 caelumque
779 2177 902 2247 replevit,

247 2262 342 2329 Quod
359 2266 450 2335 regit
468 2265 647 2334 Augustus
665 2264 759 2318 socio
778 2280 839 2333 per
857 2265 957 2333 signa
976 2263 1144 2318 Tonante.

247 2347 341 2405 Oernit
360 2352 434 2405 etin
453 2354 534 2405 coetu
551 2351 676 2406 Divum.

433 2440 550 2492 rector
569 2436 680 2508 Olympi
699 2438 767 2504 (scil.
787 2439 821 2492 de
841 2435 1016 2503 Octaviano).

124 2551 229 2625 Atque
260 2548 351 2608 etiam
383 2549 472 2607 huius
503 2550 645 2608 carminis
670 2550 850 2625 scriptorem
877 2549 1038 2624 intelleges
1064 2547 1102 2605 ab
1130 2544 1234 2605 Ouidii

125 2652 295 2728 blanditiis,
327 2669 401 2725 quae
430 2651 468 2709 ad
498 2651 665 2726 Caesarem,
692 2651 877 2728 Augustum,
905 2650 1061 2709 Tiberium
1087 2651 1235 2725 spectant,

125 2756 295 2834 profectum
322 2756 366 2813 111
392 2755 514 2831 lougius
541 2756 737 2831 processisse,
763 2760 797 2814 ut
824 2755 872 2813 avi
897 2756 999 2829 partes
1020 2751 1111 2829 patri,
1137 2750 1234 2827 petris

125 2859 190 2920 filio
215 2860 312 2933 daret,
341 2859 449 2917 iisdem
470 2877 559 2935 saepe
580 2860 681 2918 verbis
702 2858 867 2934 usurpatis.
908 2855 1003 2915 Velut
1022 2856 1074 2914 ille
1096 2859 1234 2914 exstante

127 2962 254 3022 Horatii
285 2963 434 3038 exempla
465 2963 546 3037 quod
578 2980 670 3038 supra
697 2962 797 3037 tetigi,
828 2966 933 3038 aperte
959 2959 1035 3018 dicit
1059 2956 1235 3033 Augustum

126 3084 201 3142 esse,
227 3066 476 3140 quemadmodum
498 3065 606 3123 Jouem
633 3065 729 3124 totius
756 3063 868 3134 mundi,
896 3063 940 3121 ita
965 3067 1114 3121 terrarum
1136 3066 1234 3119 recto·

126 3188 188 3229 rem
208 3188 243 3228 ac
262 3173 394 3246 patrem;
417 3174 449 3227 at
469 3170 519 3227 hic
539 3168 652 3227 iactare
673 3187 735 3227 non
756 3173 877 3226 veretur
898 3165 1025 3226 eundem
1046 3164 1161 3223 socium
1179 3180 1234 3239 per

127 3273 216 3349 signa
238 3273 326 3332 Jovis
347 3278 378 3332 et
399 3273 499 3349 ipsum
520 3277 668 3331 rectorem
690 3269 822 3347 Olympi.

203 3376 313 3435 Denuo
334 3377 430 3453 igitur
450 3376 615 3452 probemus
636 3374 758 3431 iuvante
782 3371 910 3430 Ouidio:
936 3370 1098 3430 Manilium
1119 3385 1235 3444 semper

125 3480 279 3540 reminisci
308 3479 382 3538 Divi
409 3479 555 3555 Augusti,
588 3495 677 3553 quam
708 3478 747 3535 ob
778 3494 840 3535 rem
866 3475 1009 3534 Tiberius
1040 3491 1105 3532 esse
1134 3472 1235 3544 debet,

128 3602 215 3659 quem
236 3584 415 3660 cognomine
435 3584 485 3642 dei
506 3582 650 3659 appellet.
685 3581 787 3640 Etiam
808 3581 865 3639 hoc
884 3579 973 3655 prior
994 3576 1123 3637 Ovidius
1145 3574 1234 3651 (Met.

126 3687 201 3762 XV,
221 3690 286 3761 838,
307 3689 376 3762 839)
401 3686 559 3763 praecepit
578 3685 726 3759 versibus
750 3683 860 3758 quibus
875 3681 1032 3741 Tiberium
1053 3679 1169 3739 oraculi
1189 3679 1234 3736 in·

128 3800 192 3849 stur
220 3790 283 3849 edit
313 3789 407 3848 insita
436 3790 474 3846 ab
491 3806 561 3858 ¹auo
593 3787 642 3845 dei
673 3791 782 3845 natura
812 3803 916 3861 parem
946 3785 1035 3842 annis
1062 3781 1233 3843 Octaviano

132 3901 263 3969 cognata
285 3893 385 3951 sidera
405 3910 469 3952 esse
489 3895 648 3950 tactorum.

206 3997 283 4055 Item
309 3994 446 4071 quisquis
467 3994 686 4053 Astronomica
715 3993 848 4069 scripsit,
874 3993 955 4051 haud
980 4010 1077 4068 pauca
1097 3991 1235 4066 deprom-

45 4107 50 4113 '
128 4099 192 4177 psit
212 4100 355 4158 eFastis.
387 4099 477 4158 Unde
504 4099 542 4156 ad
571 4115 615 4172 11,
645 4115 720 4171 quae
746 4097 835 4156 modo
863 4114 900 4155 ex
927 4096 991 4154 illis
1017 4094 1140 4171 sumpsi,
1164 4112 1236 4170 pro·

134 4203 217 4261 tinus
240 4203 448 4278 adiunguntur
469 4202 529 4260 ista
551 4201 642 4259 uerba
662 4200 705 4275 II,
730 4202 881 4259 lar-132
903 4201 1000 4276 (637):

282 4312 385 4367 Sancta
403 4316 484 4382 puter
501 4311 619 4382 patriae,
639 4351 645 4366 .
665 4351 671 4364 .
690 4351 697 4365 .

316 4439 348 4453 ..
367 4439 374 4453 .
393 4399 448 4452 iam
467 4398 572 4468 pridem
590 4400 621 4450 tu
639 4399 719 4464 pater
737 4396 809 4450 orbis
829 4413 900 4451 eras.

281 4484 346 4539 Hoc
363 4489 393 4537 tu
411 4502 461 4554 per
478 4488 575 4550 terras,
594 4483 667 4551 quod
686 4482 713 4535 in
731 4482 843 4535 aethere
862 4482 993 4551 Juppiter
1012 4479 1077 4548 alto,

316 4570 425 4626 Nomen
444 4571 540 4627 habos.
575 4568 726 4624 Hominum
743 4571 775 4623 tu
792 4569 881 4638 pater,
898 4568 944 4622 ille
963 4567 1051 4624 deam.
