2880 5182
613 374 887 435 -38-*

170 565 245 641 ipse,
267 566 302 622 ut
323 580 349 621 a.
365 561 453 622 1832:
475 558 595 644 laudem
614 557 698 616 illam
717 562 789 634 post
804 557 967 618 Octaviani
980 563 1107 619 mortem
1121 562 1277 637 scriptam,

170 685 197 725 a.
226 668 316 726 1846:
341 639 535 739 impertiente
563 679 627 719 eam
652 666 745 737 poeta
766 661 921 720 Tiberium
941 664 974 720 in
994 664 1122 739 imperio
1145 666 1281 737 nondum

171 768 351 828 successisse
372 766 480 824 iisdem
500 765 638 823 versibus
659 765 889 825 demonstraret.
918 799 954 808 -
984 765 1078 825 Cuius
1098 768 1157 826 riri
1177 774 1279 844 poste-

168 872 234 931 rior
263 869 369 947 opinio
396 868 483 926 ranis
512 867 698 943 argumentis
723 872 920 928 sustentatur.
961 868 1081 928 Horum
1101 871 1193 930 cardo
1214 891 1281 932 cum

170 975 202 1033 in
228 971 404 1048 participio,
434 974 516 1046 quod
541 975 589 1031 est
608 971 837 1048 „recturus“,
865 972 931 1030 solo
951 977 1097 1047 versetur,
1123 976 1209 1034 nullo
1231 996 1282 1036 ne·

169 1078 256 1154 gotio
283 1076 462 1151 effringitur.
502 1076 593 1134 Licet
618 1075 697 1133 enim
723 1092 759 1133 ea
787 1074 871 1133 verbi
891 1075 988 1134 forma
1010 1078 1125 1152 optimo
1147 1080 1213 1138 iure
1234 1081 1280 1139 ita

169 1181 223 1255 uti,
251 1184 286 1237 ut
312 1179 500 1254 significetur
515 1175 589 1237 ‘non
615 1179 651 1253 is,
680 1179 731 1253 qui
757 1179 838 1236 haud
863 1179 908 1237 ita
932 1179 1028 1237 multo
1055 1187 1127 1257 post
1151 1183 1189 1241 ad
1216 1203 1281 1244 rem

168 1283 321 1360 publicam
346 1298 519 1341 accessurus
545 1287 600 1356 est,
627 1281 679 1341 sed
704 1283 740 1357 is,
767 1282 816 1339 cui
836 1282 941 1340 Rhodi
967 1285 1098 1342 moranti
1119 1285 1178 1343 iam
1200 1286 1278 1346 fato

169 1386 356 1445 destinatum
384 1391 430 1444 est
455 1385 620 1459 aliquando
645 1383 805 1460 imperium
825 1386 1010 1443 submittere.
1050 1385 1130 1445 Nam
1150 1386 1280 1448 Rhodus

169 1509 224 1550 nec
251 1490 402 1548 scribente
427 1494 522 1564 poeta
547 1493 594 1546 est
620 1487 754 1563 principi
781 1489 949 1564 hospitium
969 1507 1025 1548 neo
1045 1490 1104 1548 fuit
1123 1494 1213 1550 antea
1233 1511 1280 1551 re·

169 1593 264 1670 genti,
291 1593 372 1667 quod
398 1593 599 1666 subsequente
621 1591 745 1665 „tum“
768 1591 922 1666 particula
942 1609 997 1667 per
1018 1610 1050 1650 se
1070 1594 1169 1668 ipsum
1190 1595 1279 1654 intel-

170 1697 292 1773 legitur.
335 1695 436 1769 Quare
464 1694 613 1753 orationis
640 1694 775 1752 brevitas
801 1713 819 1751 a
844 1693 975 1752 Manilio
1001 1696 1114 1771 passim
1140 1695 1279 1756 affectata

170 1799 361 1858 commendat
384 1816 471 1857 usum
489 1798 647 1874 participii
668 1797 788 1868 Fctum,
816 1799 847 1854 in
870 1815 928 1872 quo
952 1816 1027 1872 quae
1048 1800 1122 1858 insit
1143 1801 1189 1858 ris
1211 1819 1280 1877 sup-

170 1903 254 1980 pleta
284 1902 396 1978 ‚,olim“
421 1902 573 1978 particula
599 1901 759 1960 admodum
782 1908 920 1978 apparet.
952 1935 988 1944 —
1019 1902 1139 1961 Deinde
1167 1904 1278 1963 Jacobi

170 2008 277 2065 uerba:
292 2004 551 2082 ,‚Praesentis,
565 2004 667 2078 oredo,
681 2005 794 2080 saeculi
805 2005 982 2063 felicitatem
993 2005 1133 2063 laudaret
1149 2006 1279 2083 (poeta),

158 2092 197 2168 ¹si
217 2109 277 2167 iam
297 2108 456 2183 imperium
477 2107 585 2165 fuisset
605 2106 733 2182 adeptus
759 2107 945 2183 (Tiberius);
972 2108 1024 2166 sed
1045 2109 1077 2166 in
1098 2108 1163 2167 eius
1184 2110 1279 2168 scoie-

171 2215 265 2271 tatem
290 2214 446 2286 aoceptum
471 2214 534 2268 tum
559 2211 619 2268 iam
644 2210 737 2269 fuisse
763 2228 801 2268 ex
826 2212 873 2269 his
899 2211 1000 2269 verbis
1027 2214 1210 2272 concludas“
1241 2246 1280 2256 —

171 2315 245 2391 quid
271 2314 367 2373 uelint
395 2314 534 2388 equidem
559 2332 620 2372 non
642 2312 668 2371 is
689 2332 763 2389 sum,
791 2315 843 2388 qui
864 2315 1048 2392 intellegam.
1090 2316 1180 2374 Talia
1200 2317 1279 2375 enim

169 2419 275 2496 posuit
299 2417 428 2494 proinde
458 2419 543 2492 quasi
569 2421 691 2495 praeter
717 2424 832 2477 ceteras
857 2420 998 2495 regiones
1023 2419 1152 2478 Rhodus
1178 2421 1279 2478 insula

170 2519 295 2579 Tiberio
327 2518 489 2577 continuae
520 2536 608 2577 curae
639 2518 748 2577 fuisset
774 2524 810 2578 et·
831 2520 1006 2581 diuturnum
1033 2523 1210 2598 hospitium.
1241 2557 1279 2567 -

169 2623 247 2682 Item
267 2622 369 2698 pergit
389 2623 581 2693 hallucinari,
603 2641 640 2681 ne
663 2623 736 2697 quid
756 2625 880 2699 gravius
902 2625 1009 2698 dicam,
1030 2644 1097 2685 cum
1117 2626 1150 2684 in
1163 2628 1279 2703 pagina

170 2727 369 2801 subsequenti
390 2727 511 2785 scribit:
533 2729 588 2802 „In
608 2726 696 2785 libris
716 2727 825 2802 primis
847 2747 908 2786 non
930 2730 1021 2788 semel
1039 2731 1195 2789 Tiberium
1215 2734 1279 2790 tum

91 2886 95 2900 ‚
169 2830 201 2888 in
240 2831 340 2888 insula
373 2830 485 2889 Rhodo
519 2830 692 2889 latitantem
725 2830 933 2906 Romanisque
966 2834 1098 2892 invisum
1131 2834 1279 2911 carpsisse

169 2934 398 2993 animadverto“
419 2935 511 3009 idque
531 2939 566 2992 ut
585 2934 705 3009 probet,
728 2933 947 3010 Capricornum
962 2936 1079 2995 Tiberii
1099 2955 1190 2996 causa
1209 2957 1279 3013 pro·

171 3057 242 3097 num
263 3042 294 3096 et
313 3040 428 3096 tortum
449 3037 509 3095 dici
531 3037 647 3095 statuit.
689 3037 771 3110 Quid
792 3039 872 3097 enim
891 3040 1063 3115 perversius
1086 3041 1279 3116 excogitatur

171 3159 259 3216 quam
278 3143 368 3200 haec:
390 3140 473 3216 „Sub
490 3140 680 3217 Capricorno
701 3148 790 3200 natus
812 3146 878 3200 erat
892 3142 1042 3219 Tiberius,
1065 3143 1180 3202 inrisus
1202 3144 1279 3218 urbi,

171 3264 236 3304 cum
264 3245 354 3321 primi
380 3245 413 3303 hi
438 3244 512 3303 libri
533 3245 748 3304 scriberentur.
788 3245 864 3304 Inde
885 3246 1024 3322 ambigue
1046 3249 1197 3321 „tortum“
1224 3248 1279 3323 (II,

170 3351 239 3425 290)
268 3350 288 3408 i.
315 3367 340 3408 e.
367 3350 527 3408 obscurum
552 3353 584 3406 et
609 3348 748 3407 dolosum
773 3349 832 3407 hoc
853 3349 936 3407 sidus
958 3355 1121 3425 nuncupat.
1162 3350 1279 3409 Eodem

170 3453 279 3527 refero,
307 3451 388 3534 quod
410 3470 501 3528 supra
526 3452 665 3511 similiter
685 3452 824 3511 alludens
846 3455 1014 3528 „pronum‘
1040 3454 1095 3530 (ΙΙ,
1116 3456 1185 3529 253)
1213 3474 1280 3514 eum

171 3557 269 3615 iacere
296 3555 426 3614 dicebat.
467 3556 504 3614 In
529 3555 628 3614 insula
648 3555 760 3614 Rhodo
783 3560 856 3614 tuno
876 3556 927 3614 ille
950 3556 1104 3630 neglectus
1125 3558 1163 3615 ab
1185 3559 1279 3616 omni·

164 3660 222 3717 bus
262 3658 435 3717 latitabat.“
487 3658 556 3732 Quo
586 3660 707 3719 tandem
737 3660 827 3718 modo
858 3661 940 3717 iutra
969 3660 1113 3719 tredecim
1144 3660 1278 3727 annos¹³l

166 3761 321 3838 Scorpius
342 3778 374 3819 se
395 3763 488 3821 vertit
509 3763 540 3821 in
559 3761 799 3838 Capricornum?
830 3762 900 3821 Hoc
922 3763 1040 3838 signum
1054 3762 1191 3838 Augusti
1212 3764 1279 3840 fuit,

163 3884 226 3923 non
262 3861 423 3931 Tiberii¹⁴l
475 3864 528 3923 An
564 3865 646 3924 cadit
682 3866 714 3924 in
745 3865 926 3926 Suetonium
960 3865 1062 3924 subito
1093 3885 1128 3926 aa
1157 3872 1279 3942 poetam

233 4098 263 4165 ¹³)
283 4095 338 4156 Cir,
363 4096 460 4163 Progr.
479 4095 550 4148 Lub.
569 4113 594 4164 p.
616 4099 679 4150 iet
697 4097 738 4150 ed.
757 4114 784 4170 p.
803 4100 837 4150 57
855 4102 925 4151 extr.
964 4098 995 4167 ¹⁴)
1016 4097 1070 4151 Cir.
1090 4097 1180 4152 Cerm.
1199 4098 1279 4154 Arat.

163 4201 187 4237 v.
205 4184 255 4239 558
274 4187 302 4237 et
331 4182 386 4252 huj.
405 4181 470 4235 diss.
489 4197 516 4249 p.
535 4183 577 4248 28,
597 4184 638 4236 33.
