2880 5182
612 384 821 442 ..44-

164 567 203 626 ab
223 566 463 625 Astronomicon
484 573 616 626 auctore.
659 566 727 640 Quo
749 584 892 626 concesso
914 567 945 624 in
966 573 1110 644 promptu
1131 568 1189 626 tibi
1209 553 1272 628 ma-

165 671 281 729 nebunt
307 669 399 729 etiam
424 674 515 730 notae
543 671 688 745 quaedam
713 688 869 743 annornm,
898 688 972 745 quae
998 671 1048 730 hic
1068 670 1133 730 illic
1154 672 1185 729 in
1206 690 1271 730 ear-

164 773 243 832 mine
263 773 332 849 ipso
354 773 452 832 adhuc
472 779 689 850 apparuerunt,
709 791 839 848 moxque
860 774 929 832 aliis
951 774 1085 831 inventis
1100 775 1271 854 continget,

165 895 241 952 quae
273 894 342 952 spes
372 896 417 936 me
449 877 569 951 quidem
599 877 658 937 iam
689 880 782 952 tenet,
813 881 847 934 ut
874 876 1004 952 singulis
1029 876 1272 953 Astronomicon

165 979 253 1037 libris
285 997 432 1053 quaenam
462 980 502 1038 sit
532 985 615 1039 aetas
645 981 816 1040 accuratius
847 980 1010 1039 multorum
1040 982 1272 1056 exspectatione

167 1082 315 1140 definiam.
364 1082 535 1158 Propterea
565 1083 660 1141 nolim
693 1083 837 1159 neglegas
871 1101 1028 1158 superesse
1064 1085 1210 1159 quaedam
1240 1085 1275 1143 in

165 1184 275 1261 prima,
301 1202 376 1258 quae
403 1186 442 1244 ad
467 1204 578 1245 annum
605 1190 671 1260 770,
697 1187 728 1244 in
751 1187 868 1262 quinto,
896 1204 971 1261 quae
998 1186 1036 1245 ad
1063 1206 1089 1245 a.
1111 1190 1167 1248 775
1190 1187 1272 1247 haud

165 1289 354 1347 incommode
374 1289 552 1368 referantur.

574 1693 611 1762 C
624 1716 694 1780 ap
707 1703 768 1761 ut
801 1695 860 1765 V.
901 1782 903 1786 .

416 1851 469 1918 De
491 1866 622 1933 genere
645 1850 785 1917 dicendi
807 1851 1012 1919 Maniliano.

244 2014 313 2088 Quo
343 2014 471 2090 quisque
498 2012 655 2090 regnantis
681 2013 798 2071 Tiberii
824 2032 904 2073 anno
933 2014 1170 2074 Astronomicon
1194 2014 1274 2073 liber

165 2118 352 2195 compositus
374 2118 415 2176 sit
434 2117 611 2194 priusquam
631 2115 765 2174 eiusdem
785 2118 895 2176 aetatis
910 2106 980 2176 alii‘s
995 2119 1179 2178 carminibus
1194 2135 1273 2176 oom-

165 2221 281 2299 paratis
301 2220 420 2296 aperire
442 2220 587 2293 studeam,
609 2219 646 2277 ad
667 2219 811 2277 tuendam
831 2222 921 2278 unius
941 2221 1091 2298 principis
1111 2238 1273 2298 personam

164 2325 314 2400 reliquum
338 2328 393 2398 est,
414 2327 449 2382 ut
469 2324 590 2382 brevius
611 2323 757 2381 disseram
777 2322 814 2380 de
835 2342 944 2399 genere
965 2325 1086 2383 dicendi
1106 2324 1272 2382 aManilio

166 2444 322 2504 expressa.

241 2529 343 2588 Huius
370 2531 413 2589 rei
441 2531 523 2605 quod
554 2530 613 2588 iam
643 2531 801 2607 proprium
832 2530 925 2589 fuisse
956 2532 1037 2590 iuter
1067 2550 1170 2591 ornnes
1201 2549 1272 2590 cou-

165 2639 235 2709 stat,
261 2633 331 2692 inde
351 2634 510 2693 Bentleius
538 2634 587 2692 vel
607 2634 817 2708 gravissimum
842 2633 1021 2709 repetivisse
1048 2634 1162 2693 dicitur
1186 2653 1274 2710 argu-

164 2741 305 2813 mentum,
337 2755 396 2812 quo
428 2739 527 2795 totum
557 2711 677 2795 carmen
703 2736 840 2812 Augusti
871 2736 989 2795 cuidam
1019 2738 1141 2811 aequali
1168 2737 1273 2796 deberi

164 2842 324 2917 probaret3
349 2858 451 2899 verum
476 2843 577 2899 tamen
603 2858 709 2917 parum
729 2840 875 2914 validum,
900 2846 935 2898 ut
954 2839 1199 2899 demonstravere
1220 2839 1273 2899 Fr.

164 2943 201 3001 A.
223 2943 353 3002 Wolfius
380 2947 412 3002 et
432 2942 578 3002 Jacobus.
618 2941 748 3001 Remota
774 2942 854 3001 enim
880 2961 917 3002 ex
944 2943 1127 3002 indiciorum
1148 2961 1272 3003 numero

164 3046 339 3105 elocutione
368 3046 445 3121 ipsa,
476 3048 583 3118 utpote
614 3063 690 3120 quae
721 3047 970 3122 peregrinitatem
999 3065 1073 3124 prae
1105 3064 1136 3105 se
1170 3046 1273 3119 ferret,

165 3144 224 3206 viri
251 3149 421 3208 doctissimi
446 3166 542 3225 nepos
563 3149 714 3208 cardinem
734 3149 980 3209 ratiocinationis
1001 3151 1107 3226 posuit
1128 3150 1158 3206 in
1179 3150 1274 3208 adno-

164 3253 292 3328 tatione,
323 3269 412 3326 qaam
437 3252 603 3310 avunculus
629 3252 790 3311 addiderat
815 3253 853 3310 ad
880 3253 1017 3312 Terentii
1041 3253 1191 3313 Andriam
1218 3253 1274 3330 (ΙΙ,

166 3361 192 3430 1,
213 3355 276 3431 dol:
302 3355 461 3430 „Veteres
483 3357 513 3413 in
535 3357 645 3432 quibus
667 3356 758 3414 etiam
778 3355 933 3433 Nigidius,
956 3358 987 3415 in
1008 3358 1181 3416 nominibus
1203 3358 1272 3416 snb·

165 3459 307 3519 stantivis
335 3461 514 3519 exeuntibus
540 3461 572 3518 in
599 3461 656 3517 ius
677 3461 725 3518 vel
747 3461 818 3519 ium
841 3478 958 3536 semper
978 3459 1152 3536 genetivum
1172 3478 1273 3519 casum

168 3561 175 3624 ἱ
197 3561 330 3639 simplici
350 3561 524 3639 efferebant,
545 3581 697 3638 nunqnam
719 3563 836 3638 auxilii,
857 3562 988 3638 consilii,
1010 3563 1062 3621 sed
1078 3563 1182 3638 auxili,
1203 3581 1274 3623 con·

166 3666 225 3724 sili.
265 3665 385 3724 Primus
412 3685 449 3725 ex
472 3667 583 3744 poetis,
612 3667 663 3741 qni
684 3667 776 3726 hodie
796 3663 927 3742 exstant,
952 3666 1134 3744 Propertius
1155 3667 1204 3725 bis
1224 3666 1273 3725 vel

166 3773 222 3843 ter,
244 3767 374 3828 Ovidius
396 3771 571 3847 saepissime
593 3774 624 3829 et
638 3775 711 3846 post
725 3788 792 3828 cum
805 3770 859 3828 alii
874 3787 976 3828 omues
991 3772 1142 3846 geminum
1156 3769 1173 3832 ii
1188 3787 1273 3829 usur·

166 3878 255 3948 pant:
277 3874 332 3931 sub
347 3873 517 3947 Augusti
539 3873 654 3932 seilicet
675 3877 773 3932 aetate
794 3873 923 3931 mutatio
944 3873 998 3932 illa
1015 3873 1096 3932 facta
1109 3876 1164 3932 est.
1198 3872 1274 3933 Cum

166 3975 261 4051 igitur
274 3975 423 4034 Manilius
437 3976 563 4037 habeat:
584 3977 755 4052 consilium,
776 3976 924 4036 auxilium
945 3977 1060 4052 (decem
1075 3978 1136 4037 tria
1150 3979 1274 4038 omnino

168 4079 200 4136 id
222 4097 318 4155 genus
338 4080 446 4156 verba)
468 4097 622 4154 nunqnam
641 4098 713 4139 vero
734 4080 866 4156 consilii,
886 4080 993 4138 auxilii
1015 4115 1050 4124 -
1072 4081 1145 4140 licet
1164 4082 1274 4140 ceteris
1350 4087 1352 4092 '

159 4176 289 4240 'casibus
318 4182 453 4258 obliquis
481 4181 657 4260 saepissime
682 4187 786 4244 utatur
814 4215 852 4227 -
882 4183 1006 4245 omnino
1033 4183 1274 4245 concludendum
